2586 4718
617 323 679 384 201

173 538 286 625 Quid
315 547 419 602 autem
448 531 581 599 turbidis
610 533 676 599 istis
706 531 798 598 rebus
822 532 965 600 Wiolillo
994 535 1134 604 assidet

158 683 234 725 nuru
263 659 334 738 ille,
366 677 462 746 quum
490 667 522 719 et
540 651 710 719 honoribus
729 653 854 719 floreret
874 668 904 721 et
924 676 1071 745 generoso
1089 681 1137 724 sa·

159 801 280 846 crorum
299 774 564 844 emendendorum
583 773 684 840 studio
701 774 844 866 flagraret
853 824 863 855 ,
879 796 952 842 eum
966 777 1047 843 ritae
1062 799 1138 844 cur·

158 921 226 965 sum
255 912 360 965 tenere
388 895 514 988 potuit,
544 908 577 960 ut
604 895 652 960 rel
681 895 714 960 in
740 896 865 985 negotio
883 896 949 962 siue
967 898 1136 986 periculis,

157 1020 206 1084 sel
236 1019 268 1084 in
298 1018 361 1084 otio
389 1038 461 1081 oum
489 1014 641 1104 dignitate
670 1037 734 1081 esse
761 1015 890 1106 posset?
947 1017 1016 1084 Hoc
1044 1020 1140 1108 igitur

158 1161 240 1205 nunc
270 1139 475 1228 exploremus.
525 1133 663 1202 (litatum
681 1160 752 1203 eum
772 1137 864 1203 fuisse
883 1137 923 1204 ed
941 1155 1139 1231 congregatos

158 1261 328 1350 Episcopos
347 1272 378 1326 et
398 1258 538 1325 doctores
557 1259 589 1323 in
609 1257 699 1325 aedes
714 1257 967 1326 Praedicatorum
984 1260 1138 1343 Londini,

158 1380 251 1471 hujus
277 1381 324 1446 rei
352 1381 470 1446 nullum
500 1380 637 1470 reperire
665 1380 752 1471 potui
782 1378 947 1450 indicium.
1005 1381 1139 1472 Scripsit

159 1501 285 1591 quidem
304 1497 518 1572 Whertonus:
557 1502 696 1589 »Neque
710 1538 755 1554 -
770 1522 803 1566 se
818 1514 1014 1590 praesentem
1032 1503 1140 1572 sistere

157 1623 254 1688 soluit
282 1620 438 1686 Wiclefus
449 1666 460 1700 ,
481 1618 520 1685 de
538 1617 679 1699 insidiis,
699 1618 761 1686 sihi
780 1642 798 1684 a
816 1621 1012 1710 praesulibus
1030 1623 1063 1714 in
1082 1624 1140 1690 iti·

158 1765 231 1810 nere
246 1742 372 1833 positis,
387 1742 502 1817 certior
518 1740 558 1805 ab
573 1742 682 1807 amicis
697 1739 850 1810 redditus.
878 1742 1024 1810 dissentis
1036 1757 1139 1812 tamen

157 1886 281 1932 cauum
313 1875 442 1953 egerunt
474 1860 664 1927 Academiae
678 1952 682 1958 Ι
696 1859 877 1926 oxoniensis
908 1860 1140 1945 concellarius,

156 1987 375 2054 Procuratores
405 1983 496 2061 bini,
522 2004 559 2046 ac
578 1994 699 2046 senatus
718 2002 789 2068 pars
807 1980 898 2068 longe
917 1985 1039 2071 mej0r3
1062 1986 1140 2074 qui,

157 2108 248 2172 missal
277 2103 317 2169 ed
344 2100 495 2190 synodum
522 2099 650 2188 epistole
679 2099 807 2188 publico
832 2100 1022 2169 Academiae
1042 2104 1141 2194 sigillo

160 2225 301 2302 munitis,
328 2221 521 2312 praeclarum
552 2219 713 2286 doctrinae
732 2221 818 2309 ejus,
840 2221 990 2310 pietatis,
1009 2248 1045 2291 ao
1064 2225 1139 2292 fidei

159 2341 344 2411 orthodoxae
362 2341 497 2431 elogium
512 2339 739 2406 reddiderunt'’
753 2349 778 2410 ¹.
810 2339 872 2408 Sed
888 2343 1034 2433 epistole,
1045 2368 1141 2434 quam

129 2498 132 2505 ·
158 2464 332 2554 significare
366 2462 490 2528 ridetur
521 2458 739 2541 whartonus,
767 2463 939 2552 perscripta
970 2464 1030 2532 tuit
1057 2488 1140 2533 enno

170 2622 476 2637 a———n--n--n-—d

222 2722 267 2755 sua
286 2706 454 2769 defenderet,
466 2714 545 2774 etque
553 2710 614 2760 hine
623 2725 768 2770 reversum,
782 2710 814 2760 eh
824 2711 1024 2782 Arclriepiseopo
1034 2717 1065 2766 ad
1075 2733 1145 2768 mor·

222 2795 273 2841 tem
290 2794 413 2856 usquein
433 2811 561 2846 carcerem
579 2797 728 2860 conjectum
743 2813 808 2848 esse.
826 2814 854 2865 p.
871 2800 950 2852 2657.
969 2829 1001 2840 -
1020 2803 1146 2854 Woudius

222 2880 314 2924 contra
340 2877 437 2936 refert,
465 2871 695 2947 eum,'postqpsm
713 2897 741 2931 se
760 2882 930 2946 submiserat,
950 2886 1066 2936 habitum
1084 2890 1145 2938 Car·

221 2958 367 3007 thurianum
395 2958 525 3021 induisse,
551 2965 913 3032 eonvsnsrtsmrpsorsosum,
934 2969 1022 3034 ibique
1038 2973 1065 3020 in
1084 2989 1145 3022 αοε-

218 3041 294 3090 nobio
322 3046 426 3093 sanotae
457 3046 542 3096 Annos
568 3050 707 3112 tranquille
734 3051 826 3101 vixisse
852 3058 880 3102 et
906 3053 973 3103 diem
1000 3071 1144 3119 supremum

219 3126 321 3175 obiitne.
358 3127 413 3181 tib.
432 3129 454 3179 l.
473 3147 500 3196 p.
522 3132 581 3183 193.
601 3159 633 3170 -
652 3136 686 3184 Ex
704 3135 753 3195 iis,
772 3151 839 3200 quse
856 3137 1062 3202 Welsinqhsmus
1078 3144 1143 3192 sori·

218 3209 259 3259 bit
283 3228 309 3277 p.
328 3211 409 3273 328..
428 3214 623 3278 Herelortlium,
643 3219 743 3268 etiamsi
763 3219 794 3269 da
812 3220 973 3271 Eucharistit
992 3226 1145 3278 sententiam

220 3298 384 3354 revocasset,
411 3300 577 3367 caeteroquin
599 3304 683 3351 tamen
710 3318 778 3353 suno
805 3303 871 3354 1387
897 3305 980 3354 adhuc
999 3323 1145 3370 germsnum

220 3374 327 3426 Wicliffi
346 3377 499 3444 discipulum
520 3382 616 3442 luisse,
637 3383 759 3435 efficeres.
778 3412 810 3424 -
829 3387 883 3437 Alii
901 3391 1036 3441 memoriae
1055 3394 1144 3458 prodi·

221 3457 333 3520 derunt,
361 3476 419 3511 eum
443 3479 549 3515 munere
573 3467 752 3520 Ecclesiastico
778 3486 845 3521 suno
873 3472 940 3522 1394
959 3491 973 3524 a
990 3491 1049 3540 rege
1066 3479 1145 3531 tuisse

223 3549 348 3595 ornatum.
385 3547 478 3598 Eodem
502 3550 577 3600 modo
601 3551 632 3601 de
658 3553 788 3614 delitent,
808 3555 967 3621 ltepinqdoni
986 3560 1146 3629 sliornmque

224 3626 284 3675 latis
307 3628 361 3678 iere
380 3629 472 3681 incerti
488 3634 638 3696 haeremus,
661 3639 868 3701 quandoquidem
887 3642 1023 3708 scriptores
1038 3646 1146 3697 multum

141 3701 145 3707 ’
223 3709 291 3757 inter
310 3724 338 3758 se
357 3711 511 3780 discrepent.
549 3720 588 3769 Cl‘.
606 3720 638 3769 de
655 3721 706 3772 illis
725 3723 855 3772 lenticius.
873 3741 899 3792 p.
917 3727 1062 3776 nce-222.

192 3794 201 3830 ¹
228 3793 351 3866 Appesd.
377 3797 412 3844 se
434 3799 509 3850 Casei
524 3801 594 3855 litas.
615 3805 703 3857 Ls'tsr.
723 3808 780 3858 Vol.
801 3809 836 3857 11.
855 3827 882 3875 p.
903 3810 947 3862 62.
984 3811 1014 3859 ln
1031 3814 1094 3862 nott
1110 3815 1143 3865 ad

219 3878 290 3929 huno
316 3878 401 3929 locum
428 3881 472 3933 illa
495 3887 604 3952 epistola
625 3896 724 3942 exstare
740 3891 835 3942 dicitur
854 3895 879 3944 in
897 3911 973 3961 opere
993 3895 1142 3960 Willrinsii,

183 3999 186 4006 .
222 3962 279 4012 Vol.
297 3962 348 4014 111.
364 3978 391 4030 p.
406 3965 473 4017 ³022
490 3984 631 4034 quaerero
649 3975 703 4026 illio
718 3980 859 4028 occurrunt
875 3977 985 4038 literae,
1004 3976 1054 4029 hae
1067 3978 1142 4032 datae

222 4052 282 4097 sunt
299 4063 367 4098 anno
388 4047 463 4100 1406.
