2586 4718
616 319 656 381 43

146 542 256 607 literae
282 536 430 626 autiquae
455 554 569 622 magno
594 528 771 615 auditorum
790 529 900 619 plausu
919 526 1121 599 docebantur.
1163 578 1167 595 ι

148 659 322 730 Florentiae
342 677 418 748 prae
436 654 587 735 caeteris,
604 653 638 718 in
658 675 720 742 qua
738 650 863 718 civitate
873 648 1042 717 Academia
1052 672 1125 717 con-

150 781 216 850 dite
236 794 282 849 cst
299 782 511 858 ann01348,
528 777 637 843 literae
656 787 782 841 renatae
800 773 984 854 floruerunt.
1016 773 1127 859 Quan-

149 915 214 969 tam
237 902 395 1008 principes
412 897 525 965 harum
545 897 784 977 instauratores,
807 895 975 963 Petrarcha
993 906 1024 961 et
1041 895 1128 961 Boc·

149 1024 252 1090 cacius
262 1072 274 1104 ‚
306 1025 370 1088 rim
402 1019 591 1086 exseruerint
611 1017 650 1083 -in
670 1017 813 1108 aequales
833 1039 901 1083 suos
912 1064 923 1098 ,
948 1017 996 1089 rel
1013 1037 1049 1081 er
1066 1015 1128 1083 hoc

138 1143 254 1234 'colligi
272 1143 369 1222 licet,
389 1139 473 1230 quod
492 1141 670 1219 liebertus,
689 1162 741 1206 res
761 1138 1005 1229 Neapolitanus,
1026 1137 1128 1204 amico

151 1287 206 1331 suc
224 1262 411 1331 Petrarchae
431 1260 537 1342 dedit,
560 1282 721 1350 respousa:
747 1259 796 1328 As
815 1282 893 1348 ego,
913 1261 1036 1349 inquit,
1044 1260 1131 1348 juro

31 1378 36 1387 ’
152 1384 321 1450 dulciores
339 1391 372 1449 et
390 1385 492 1448 mullo
508 1385 661 1448 cariores
678 1376 762 1446 milri
779 1383 914 1447 litteras
935 1388 1132 1471 esse,qucm

153 1527 290 1596 regnum
299 1554 309 1585 ,
327 1513 377 1586 ei,
397 1508 430 1569 si
447 1507 613 1570 alterutro
629 1501 805 1570 carendum
820 1505 886 1585 sit,
902 1505 1131 1595 aequanimius

151 1649 202 1692 me
225 1625 420 1692 'ds'ademcte
447 1628 635 1692 cariturum
653 1647 752 1715 quom
771 1625 900 1691 litteris
912 1631 939 1695 ¹.
980 1624 1025 1692 Ex
1044 1609 1130 1692 bisce

151 1747 247 1836 igitur
275 1745 395 1815 cunctis
423 1759 575 1838 apparet,
607 1768 701 1837 quara
729 1746 941 1814 memorabilis
965 1746 1061 1816 fuerit
1079 1746 1132 1815 ills

150 1880 256 1948 aetas,
280 1869 342 1959 quai
361 1868 437 1936 sirit
455 1867 614 1970 Johannes
631 1868 801 1938 Wicliffus.

192 2106 241 2198 ¹At
269 2103 433 2172 redeamus
459 2124 543 2166 nunc
567 2100 607 2166 ad
632 2101 874 2170 Universitatem
903 2102 1109 2173 Oronienscm
1121 2154 1132 2188 ,

151 2224 208 2292 ubi
225 2223 386 2292 Wicliffus
402 2221 522 2289 naviter
542 2244 667 2313 quoque
679 2223 829 2291 incubuit
845 2222 884 2290 ad
904 2223 1040 2292 studium
1051 2227 1132 2314 juris

152 2357 185 2412 et
212 2343 412 2413 ecclesiastici
431 2356 462 2410 et
492 2343 612 2423 civilis,
636 2342 721 2433 quod
740 2345 801 2410 illis
820 2344 1012 2434 temporibus
1030 2345 1131 2414 ubivis

150 2464 217 2530 fere
236 2465 267 2532 in
284 2452 550 2534 ¹Universitatibus
568 2462 685 2551 riguit,
704 2465 901 2554 multumque
909 2477 1076 2532 tractatum
1086 2480 1133 2534 est

151 2585 318 2666 aelericis,
335 2585 390 2672 qui
402 2605 475 2674 opes
485 2582 601 2679 indeet
612 2581 778 2671 dignitates
788 2584 848 2650 sibi
858 2584 1087 2676 pollicebantur
1102 2597 1129 2657 ².

152 2704 227 2771 Erat
256 2725 381 2795 quoque
410 2703 509 2768 hocce
527 2702 606 2791 juris
627 2702 787 2793 utriusque
807 2703 944 2771 studium
964 2705 1054 2799 valde
1070 2728 1132 2773 ne-

150 2802 316 2892 cessarium
347 2822 509 2913 theologis.
565 2823 704 2890 Ducebat
722 2824 807 2890 euim
828 2825 986 2911 eruditum
1000 2825 1130 2895 theolo-

148 2970 222 3039 gum
249 2958 402 3013 versatum
420 2965 485 3011 esse
500 2943 533 3009 iu
550 2941 666 3010 Codice
682 2945 843 3027 Gratiani,
861 2962 896 3013 ut
905 2949 1131 3038 terreret,quid

151 3092 169 3133 a
198 3065 346 3135 Consiliis
376 3079 408 3131 et
435 3063 640 3131 Pontificibus
659 3078 737 3133 essct
757 3068 960 3135 coustitutum
978 3067 1017 3134 de
1036 3071 1128 3138 rebus

58 3229 60 3232 ⁴
125 3257 128 3262 ,
147 3187 189 3254 ad
201 3174 204 3181 Δ
217 3187 376 3260 Ecclesiae
405 3184 622 3274 spectantibus
639 3166 704 3251 sive
723 3186 883 3276 regimen,
907 3189 972 3255 sive
990 3188 1129 3279 discipli·

151 3331 245 3389 nam,
270 3308 333 3374 sive
355 3305 551 3387 doctrinam3
577 3303 629 3372 sed
649 3317 829 3395 praetcrea,
849 3329 946 3397 quum
965 3309 1000 3374 iu
1019 3311 1129 3393 curiis,

149 3431 205 3497 ubi
232 3428 410 3520 jurisdictio
443 3440 522 3494 esset
542 3423 649 3518 'penes
676 3426 928 3509 Ecclesiasticus,
961 3427 1131 3499 Justiniani

151 3551 316 3618 auotoritas
334 3549 500 3645 citaretur,
517 3548 542 3615 si
562 3547 706 3638 Gregorii
726 3559 779 3615 aut
795 3545 988 3617 Clementis³
1008 3549 1128 3620 deiice-

159 3717 458 3730 μι--η-ο

165 3778 168 3782 ⁴
179 3793 190 3828 ¹
213 3791 306 3841 bocum
316 3790 428 3841 laudavit
438 3791 585 3851 Heerenus,
596 3788 670 3841 Eissl.
681 3805 707 3854 p.
718 3789 780 3841 256.
790 3793 846 3843 not.
857 3791 885 3842 8.
896 3791 952 3830 -2
971 3789 1015 3843 Cf.
1025 3792 1130 3844 liallsrn.

214 3878 273 3928 Vol.
289 3876 339 3927 111.
361 3893 387 3942 p.
407 3875 808 3933 518.-⁸DsarstoGrcticrss',
821 3872 1035 3924 Codiciconflalo
1047 3892 1132 3927 exan-

78 3945 80 3953 ⁴
176 3993 178 3999 ,
213 3961 368 4026 liquioribus
391 3961 519 4017 Ecclesiae
536 3960 694 4021 cerambus,
718 3957 925 4010 Pseudo-Isidori
941 3960 1131 4024 decretalibus,

212 4046 380 4113 posteriorum
390 4045 557 4097 conciliorum
564 4045 674 4097 decretis
682 4047 710 4096 et
719 4043 828 4111 legibus,
838 4044 1036 4113 conscriptaque
1046 4047 1135 4099 ordine
