2586 4718
557 338 619 400 267.

65 539 66 542 Ἴ
146 553 278 624 Wioliffi
303 552 482 640 Trialogus,
502 570 579 640 opus
594 547 828 630 doetissimum,
852 549 1013 616 continere
1032 553 1077 617 ri·

100 677 191 745 detor
226 695 386 742 summam,
405 672 472 763 ejus
499 668 686 751 doetrinae,
716 691 788 736 oum
817 669 1054 763 philosophicae
1066 722 1076 753 ,

102 812 168 865 tum
188 795 399 885 theologicae,
423 814 483 858 una
504 813 575 857 oum
595 789 753 882 primariis
768 790 827 858 illis
841 792 985 882 plauitis,
1000 806 1081 884 quoa

101 918 245 1010 opposuit
266 914 462 1007 dogmatibus
480 913 638 979 Ecclesiae
655 913 824 980 Romanae.
869 914 1078 1001 Quamobrem

100 1039 258 1107 Pontifioii
275 1038 368 1127 bajus
388 1034 542 1126 imprimis
557 1034 632 1100 libri
647 1032 834 1123 exemplaria
848 1033 986 1127 undique
1002 1060 1081 1104 oon·

103 1161 227 1252 quirere
248 1159 352 1228 conati
370 1171 441 1224 sunt
451 1205 462 1236 ‚
479 1170 510 1224 et
530 1156 672 1224 flammis·
684 1153 898 1245 tradiderunt,
922 1180 1080 1246 quaecuu-

104 1304 167 1370 que
194 1282 334 1347 inveniro
362 1292 519 1370 poteraut.
575 1278 620 1344 Es
647 1275 757 1344 eodem
785 1298 929 1366 quoque,
947 1301 1027 1367 quae
1046 1280 1080 1348 iu

103 1401 244 1467 oonoiliis
266 1397 404 1467 landini
416 1448 427 1481 ,
449 1389 568 1466 Romae
591 1411 622 1466 et
645 1397 843 1465 Constantiae
866 1399 951 1463 1396
963 1445 974 1478 ,
995 1401 1081 1469 1112

103 1537 134 1590 et
166 1523 415 1604 latibulum,
448 1535 598 1612 tauquam
629 1520 805 1588 haereticae
832 1502 1082 1604 daumabantor,

101 1642 235 1710 Wioliffi
253 1643 425 1710 sententiae
448 1644 597 1718 oolleetae
625 1641 821 1733 potissimum
851 1643 991 1713 fuerunt.
1043 1641 1084 1711 tu

103 1760 287 1844 Guilielmus
313 1763 541 1846 Widofordus,
567 1764 734 1844 Minorita,
763 1777 883 1855 rogatu.
898 1763 1083 1855 Archiepis-

101 1887 172 1977 oopi
187 1883 355 1953 druodatii
364 1932 374 1965 ,
392 1883 471 1952 dau:
483 1886 596 1975 operi,
614 1897 724 1952 eontra
740 1883 827 1951 bano
845 1885 965 1952 librum
979 1885 1084 1976 scrip·

98 2011 176 2079 sit1.
271 2034 277 2042 ·
433 2007 435 2010 ’

147 2129 226 2213 Quia
254 2127 288 2190 iu
316 2123 479 2190 hoo‘libro
497 2128 560 2190 tros
577 2145 748 2215 personae,
771 2122 913 2210 alithin,
933 2125 1084 2212 Pseudis,

100 2261 132 2314 at
155 2245 319 2313 Phronesis
330 2292 341 2327 ,
363 2266 469 2312 seoum
493 2245 626 2312 invicem
646 2245 796 2314 derebus
814 2248 1002 2348 gravissimis
1020 2251 1086 2317 ool·

101 2371 264 2459 loquentes
294 2363 508 2449 inducuntur,
540 2368 674 2458 titulum·
700 2366 861 2460 Traulogi
887 2381 996 2437 neotus
1023 2382 1083 2441 est.
1151 2449 1153 2454 ,

101 2493 202 2578 Quare
221 2490 303 2556 hano
321 2488 480 2556 scribendi
501 2489 633 2554 formam
653 2488 817 2570 sumserit,
842 2490 1002 2558 Wioliffirs'
1017 2490 1086 2582 ipse
1157 2476 1165 2486 ⁷

69 2631 72 2635 ’
102 2613 255 2679 rationem
275 2608 425 2678 reddidit.
477 2606 559 2678 Cum
576 2611 750 2700 loquutur,
760 2610 822 2691 ait,
842 2611 1083 2702 adperaonam

99 2735 212 2798 miultis
223 2732 314 2823 plus·
325 2733 648 2822 eomplueel„quom
668 2732 818 2820 loquuiio
831 2735 1030 2824 generalis,
1050 2736 1082 2807 'est

92 2858 187 2918 ‘messe
201 2855 377 2933 multorum
385 2902 395 2933 ,
411 2856 472 2942 qui
481 2853 677 2943 uffiuiuutur
691 2854 944 2945 singularibus,
960 2877 1003 2920 eu
1017 2857 1085 2922 loli
1144 2877 1147 2882 ·

71 3047 74 3050 .
96 2977 283 3066 loquutione
299 2979 456 3065 uouilur,
476 2974 641 3056 uidimuS,
661 2975 752 3065 quod
758 2984 871 3066 posset
887 2979 1001 3066 multis
1015 2982 1081 3043 uli-

97 3100 144 3162 lis
171 3098 306 3187 quidam
336 3119 407 3163 esso
434 3091 643 3188 Triologur,
664 3098 721 3162 udi
729 3099 845 3188 primo
856 3146 866 3177 ‚
886 3095 1079 3180 Alitltiu,

96 3227 253 3309 totiquom
274 3217 404 3284 solidus
424 3215 594 3309 theologus
617 3218 825 3307 loqueretur:
847 3219 1005 3300 seorsudo,
1025 3224 1081 3285 iu·

89 3339 225 3424 fidelis,
258 3345 447 3430 captiosus,
476 3349 635 3430 luitquum
656 3339 833 3406 Fraudis
854 3341 1026 3430 objiceret:
1048 3352 1080 3408 et

97 3462 212 3539 tertio,
226 3463 356 3528 siibtilis
371 3440 542 3553 lleologuo
558 3440 590 3526 el
600 3469 770 3543 multem,
781 3448 940 3553 luuquum
949 3444 1077 3539 Plero-

98 3583 211 3644 neria
240 3581 404 3650 derideret
422 3587 606 3652 venialem.
655 3569 722 3650 Sub
742 3583 801 3651 hao
823 3597 927 3653 autem
949 3586 1080 3677 persood

118 3785 456 3804 Μ

130 3919 138 3952 ¹
165 3915 223 3968 via.
244 3914 366 3966 Articuli
379 3915 447 3967 «loll.¹
461 3918 604 3984 ll's'ulepli,
618 3917 723 3982 ΜΕ,
742 3917 900 3984 impuqnoti
913 3934 931 3968 o
948 3918 1085 3971 Willelmo

161 4001 313 4069 Wiolofordo
332 4002 376 4053 iu:
397 4000 516 4055 Orihuini
533 4003 625 4055 Gratii·
636 4003 794 4054 Fasciculus
812 4019 906 4055 rerum
923 4007 1083 4071 repetendu-

48 4116 52 4120 -
159 4104 220 4138 rum
235 4105 267 4140 oo
285 4090 496 4155 licqiondurum,
518 4091 595 4144 1535.
616 4091 648 4141 ll.
669 4091 844 4158 uuo-13³.
