2586 4718
572 341 659 404 95⁴

115 579 186 624 sane
211 557 282 622 novi
313 554 388 644 quid
417 550 568 645 ejusmodi
587 554 716 645 rogatio.
769 537 868 631 Nam,
891 575 987 642 quum
1007 553 1086 620 inter

114 668 242 744 clericos
267 696 388 766 semper
409 677 475 740 fere
493 674 704 765 reperirentur
730 672 812 754 riri,
832 673 981 753 caeteris,
1015 678 1085 739 cum

26 768 29 775 Ι
88 824 91 828 ’
112 798 289 877 nobilibus,
310 811 376 862 tum
395 796 528 887 populo,
548 795 786 886 perspicaciores
797 807 827 861 et
838 795 998 875 cultiores,
1011 793 1089 860 haec
1162 787 1164 792 ’

112 917 276 986 bominum
305 918 408 984 classis
438 918 499 984 tim
529 939 671 1005 magnam
699 913 815 981 habere
843 914 959 982 solebat
983 916 1015 980 in
1040 937 1089 981 res

110 1020 249 1129 gentium
266 1039 428 1130 politicas,
446 1038 634 1128 summisque
652 1039 686 1103 in
705 1059 800 1126 regno
818 1036 963 1127 perfungi
981 1018 1089 1125 digni-

112 1159 239 1230 tatibus.
263 1158 316 1226 Sic
336 1159 370 1223 in
387 1158 499 1245 Anglia
507 1205 518 1239 ,
533 1170 681 1246 regnante
697 1154 844 1222 Eduardo
859 1155 929 1237 ΙΙΙ,
944 1154 1088 1245 Langha-

112 1300 203 1359 mus,
225 1277 486 1369 archiepiscopus
506 1275 753 1357 cantuariensis,
773 1275 832 1342 fuit
851 1275 940 1365 regni
955 1273 1089 1342 Cancel-

112 1397 225 1479 larius;
241 1395 423 1479 ¹Jobannes,
443 1397 613 1489 Episcopus
632 1397 784 1464 Batonius
803 1408 835 1462 et
844 1395 1000 1463 Ecclesiae
1008 1396 1090 1464 llon·

112 1517 264 1597 tenensis,
303 1517 414 1584 aerarii
454 1520 624 1604 Quaestor3
651 1517 835 1586 Guilielmus
862 1514 1089 1597 Wiclthamus,

111 1634 358 1703 Archidiaconus
377 1637 630 1723 Lincolniensis,
643 1634 752 1704 Custos
775 1636 868 1726 sigilli
880 1643 913 1718 ¹3
936 1634 1091 1718 Asbbius,

109 1754 357 1824 Archidiaconus
386 1755 590 1826 Gamudolani
602 1807 613 1839 ,
643 1756 851 1825 (lancellarius
886 1755 979 1839 lisci3
1014 1757 1091 1824 alius

110 1876 242 1944 clericus
269 1891 411 1966 praeerat
430 1879 555 1946 restitui
586 1879 694 1968 regio,
717 1874 868 1944 aedificiis
885 1889 917 1942 et
935 1877 1017 1965 regis
1035 1899 1092 1967 pa·

109 1997 184 2063 latio
211 1997 329 2069 aliust.
376 1997 462 2064 Haec
490 1999 586 2085 igitur
610 1998 795 2062 clericorum
820 1994 992 2062 dominatio
1022 1999 1092 2063 An-

94 2113 168 2204 *glis
198 2108 297 2181 ualde
312 2115 447 2181 molesta
475 2114 572 2182 fiebat
600 2114 660 2182 boc
689 2128 853 2204 tempore,
876 2138 938 2205 quo
958 2115 1092 2184 universi

95 2226 221 2324 'populi
248 2256 304 2325 per
332 2239 687 2326 repraesentationem,
720 2258 801 2326 quae
829 2235 965 2318 dicitur,
995 2236 1042 2304 ris
1061 2249 1093 2304 et

50 2352 53 2362 '
112 2353 279 2420 auctoritas
298 2355 402 2446 rigere
417 2355 484 2422 illic
495 2358 564 2443 jam
579 2368 735 2447 coeperat.
760 2356 953 2445 Rogantibus
968 2369 1091 2439 autem,

111 2485 152 2538 ut·
174 2473 353 2542 aboleretur
380 2477 440 2543 iste
466 2476 600 2557 abusus,
627 2475 787 2567 respondit
813 2498 866 2544 rex
877 2526 887 2557 ,
922 2462 960 2544 se
973 2476 1006 2543 id
1027 2499 1092 2545 esse

113 2593 294 2676 facturum,
317 2594 402 2683 quod
418 2596 549 2664 concilio
568 2620 623 2664 suo
643 2593 801 2678 rideretur
811 2604 838 2666 ³.
858 2596 963 2689 Atque
981 2611 1090 2690 patet,

321 2771 409 2782 ...—

138 2865 147 2900 ¹
173 2861 392 2913 Celebratiosimns
413 2852 466 2912 itte'
486 2862 542 2923 vir,
570 2878 637 2913 anno
666 2861 734 2913 1324
759 2864 854 2923 natus,
873 2839 1012 2932 Episcopus
1032 2866 1097 2917 vin*

170 2948 258 3000 toniae
281 2951 369 3013 postea
397 2948 457 2999 suit.
494 2948 554 2997 liunt
577 2949 760 2999 versatissimus
776 2950 803 2997 in
821 2949 1041 3004 administratione
1059 2956 1097 3004 rei

171 3033 335 3098 pecuniariae
352 3031 488 3098 publicne3
504 3032 692 3082 architecturae
700 3048 804 3095 quoque
813 3034 885 3083 valde
893 3037 1008 3099 peritus,
1019 3052 1094 3102 prae·

169 3117 220 3165 init
246 3115 419 3165 construendo
445 3114 540 3179 palatio
554 3113 707 3167 Vindesorii.
743 3115 889 3165 Excellebat
907 3119 1012 3182 insuper
1030 3119 1097 3167 acris
1170 3144 1173 3148 ⁴

169 3198 247 3250 bandi
267 3198 442 3263 loquendique
462 3198 571 3261 quddam
589 3200 724 3264 elegantiis.
759 3201 883 3264 Quocirca
902 3203 969 3266 regis
985 3200 1095 3253 Eduardi
1145 3251 1149 3261 ,

168 3287 281 3335 savorem
304 3283 346 3333 his
373 3282 540 3334 facultatibus
566 3282 687 3349 imprimis
711 3283 761 3334 sibi
786 3286 944 3340 conciliarit.
980 3289 1094 3340 bortum

168 3374 209 3421 est
224 3386 292 3419 anno
314 3366 392 3422 1404.
411 3369 451 3418 Cf.
469 3368 564 3432 Bryle,
582 3367 662 3422 Birt.
678 3369 705 3416 iu
726 3353 803 3421 vocer

135 3453 147 3487 ²
174 3452 306 3513 Staudlin,
327 3469 370 3518 op.
392 3452 461 3503 laud.
482 3451 542 3504 vot.
561 3453 584 3504 1.
602 3470 629 3519 p.
647 3451 707 3504 259.
989 3483 992 3487 ·

101 3559 104 3566 ·
137 3540 149 3575 ³
174 3537 232 3587 vid.
254 3540 361 3589 Hallum.
381 3539 439 3588 Vol.
461 3539 512 3590 111.
533 3555 560 3605 p.
582 3538 626 3588 80.
655 3564 687 3577 -
706 3538 848 3590 Concilium
867 3541 930 3591 illud
948 3544 1027 3605 iniere
1046 3561 1094 3596 cu·

172 3623 244 3671 riom
261 3623 343 3688 Rapis
361 3624 467 3688 opiner,
487 3623 519 3673 ab
537 3623 668 3674 EduardiI
685 3627 799 3690 ternpore
815 3626 926 3689 dictam,
940 3626 984 3680 tlte
994 3629 1092 3696 Kiup’r

168 3705 252 3770 priop
271 3702 395 3768 corbeil,
413 3709 456 3757 cui
473 3709 613 3760 intererant
623 3711 713 3759 summi
723 3712 784 3771 viri,
798 3716 826 3761 et
836 3713 939 3775 civiles,
957 3718 983 3763 et
1000 3717 1089 3766 Eccle-

171 3791 285 3843 siastici:
303 3793 382 3856 inque
402 3810 432 3843 eo
452 3794 640 3846 deliberabatur
658 3795 690 3844 de
713 3798 892 3847 controversiis
909 3798 941 3848 ad
960 3799 1091 3864 politicam

171 3875 347 3940 spectantibus
367 3879 394 3925 et
413 3877 445 3926 ad
462 3879 559 3930 reditus
576 3879 708 3945 publicos,
729 3880 856 3931 interdum
864 3897 909 3932 rex
919 3883 1020 3932 libellos
1028 3886 1089 3932 Par·

172 3961 289 4010 lismenti
307 3959 427 4010 tradebat
440 3964 464 4012 ei
484 3963 662 4016 examinandos
683 3967 710 4014 et
726 3963 912 4031 dijudicandos.
932 3967 970 4020 Gt.
983 3966 1088 4022 nattam.

170 4045 228 4096 vot.
244 4047 294 4096 111.
313 4062 341 4112 p.
357 4045 408 4096 205
425 4062 481 4110 sqq.
