2586 4718
637 306 699 370 182

176 520 270 588 rerba
297 521 350 586 illa
378 518 454 586 Jesu
482 516 618 598 Christi,
647 516 722 583 Eoo
742 525 791 582 est
810 539 930 608 corpas
949 539 1076 601 mmm,
1099 509 1162 588 εί.

175 665 293 732 ponens
320 641 413 708 simul
439 638 604 706 sententias
633 637 788 704 Ecclesiae
815 636 854 704 de
867 637 1075 707 Eucharistit
1094 643 1162 708 ab·

177 763 284 830 surdas
309 774 341 829 et
358 762 440 829 inter
457 783 489 827 se
507 764 723 851 repugnantes.
761 760 862 848 Rogat
880 761 971 842 istos,
991 762 1046 851 qui
1066 762 1164 829 valde

176 883 274 973 impie
294 882 418 973 ajebant
430 931 441 964 ,
470 904 502 948 se
527 904 615 972 posse
643 881 777 946 formare
803 903 914 971 eorpus
932 881 1061 950 Domini
1079 883 1164 952 lesu

177 999 318 1083 christi,
346 1024 422 1068 num
446 1001 570 1068 homini
586 1002 679 1068 liceat
697 1002 750 1067 sui
770 1001 838 1068 vioe
859 1024 964 1068 creare
984 1026 1080 1086 eum,
1100 1008 1163 1096 qui

174 1123 278 1214 ipsum
305 1123 447 1190 crearit?
486 1123 568 1190 »Tu
596 1123 713 1213 igitur,
734 1122 857 1212 inquit,
879 1123 933 1212 qui
953 1145 985 1190 es
1003 1127 1162 1194 terrestris

174 1244 334 1325 animans,
364 1241 498 1311 audesne
524 1241 711 1335 perhibere,
735 1256 890 1310 recreare
911 1257 999 1310 tuum
1020 1243 1162 1314 Creato-

170 1338 288 1431 ¹rom?”
333 1365 414 1432 Tum
431 1365 522 1456 ponit
541 1363 619 1430 illud
637 1363 805 1433 dilemma:
827 1389 849 1431 »
860 1362 979 1457 Corpus
990 1415 1000 1446 ,
1020 1365 1107 1455 quod
1126 1392 1163 1435 se

174 1486 309 1553 lormare
328 1483 438 1553 dicunt
457 1482 631 1552 sacerdotes
649 1484 690 1550 ad
708 1487 824 1565 altare,
843 1497 896 1552 aut
913 1508 1023 1576 corpus
1040 1484 1164 1556 Christi

157 1612 241 1691 est,
271 1590 333 1699 quo
357 1605 484 1673 indutus
502 1606 563 1672 fuit
582 1618 655 1672 ante
674 1599 954 1687 resurrectionem,
977 1618 1031 1672 aut
1056 1607 1163 1693 illud,
1228 1615 1232 1624 '
1274 1593 1276 1597 ¹

175 1754 237 1823 quo
265 1741 373 1820 postea
400 1727 460 1793 luit
486 1725 658 1816 praeditus.
705 1710 775 1792 lloo
802 1741 906 1793 autern
934 1748 1068 1818 corpus,
1094 1753 1161 1820 quo

173 1851 302 1920 indutus
323 1844 499 1915 'adscendit
533 1845 572 1912 ad
601 1847 726 1913 Patrem
755 1848 940 1929 coelestem,
973 1861 1097 1939 oportet
1126 1852 1162 1918 in

170 1946 266 2043 boelis
284 1991 433 2050 manere,
453 1966 624 2036 seeundum
642 1969 757 2059 scripta
777 1991 880 2050 sacre,
899 1963 997 2059 usqu'e
1016 1968 1056 2035 ad
1075 1983 1161 2037 tem·

168 2119 252 2188 pus,
281 2116 343 2184 quo
373 2091 477 2158 omnia
506 2089 781 2159 restaurabuntur:
810 2087 888 2155 illud
907 2112 979 2156 uero
998 2101 1163 2187 terrenum

172 2216 233 2285 fuit
258 2227 289 2281 et
318 2212 450 2302 fragile,
474 2210 570 2279 morti
589 2211 778 2305 obnoxium,
800 2210 840 2276 de
859 2213 920 2301 qui
940 2211 1160 2301 Euangelistae

172 2304 298 2429 quoque
323 2332 500 2402 testimonia
519 2329 684 2400 dederunt.
734 2331 887 2416 Quocirca
906 2353 1004 2422 quum
1023 2353 1161 2422 corpus,

172 2457 255 2550 quod
285 2452 457 2523 sacerdotes
485 2475 518 2520 se
545 2453 681 2520 formare
707 2448 816 2518 dicunt
827 2500 838 2533 ,
867 2464 1014 2527 neutrum
1039 2443 1161 2520 horum

172 2601 236 2646 esse
258 2555 382 2669 possit,
411 2585 517 2665 aperte
543 2573 620 2638 falsa
638 2586 685 2640 est
704 2573 838 2640 istorum-
853 2575 1018 2642 assertio.'’
1065 2571 1159 2641 (lon-

166 2700 308 2798 'siderans
335 2719 429 2788 porro
456 2691 551 2759 rerba
576 2692 673 2763 Jesu:
705 2693 783 2802 Hop
809 2703 859 2760 est
885 2717 1006 2788 corpus
1028 2718 1136 2762 meum
1148 2748 1160 2780 ,

172 2820 329 2890 immerito
357 2816 436 2881 haee
466 2812 507 2880 de
535 2813 736 2880 consecrandi
765 2814 899 2904 quodam
929 2830 1001 2883 actu
1024 2816 1163 2908 intelligi

172 2943 272 3021 dicit,
296 2958 394 3028 quum
412 2958 448 3001 ea
463 2934 677 3026 pronuntiaret
697 2932 858 3018 (lhristus,
878 2934 1068 3003 distribuens
1085 2935 1162 3005 ‹lis-

173 3062 285 3155 oipulis
317 3079 430 3150 panem
457 3055 606 3126 fractum,
659 3055 879 3147 »Investigate
891 3107 903 3138 ,
933 3056 1162 3147 inquit.,·stu-

172 3185 275 3263 diose,
294 3201 370 3247 num
388 3178 511 3270 possitis
532 3176 594 3244 duo
613 3177 755 3275 iuvenire
769 3177 1176 3249 vocabulabenedietionis'

170 3307 220 3373 rel
246 3277 413 3395 gratiarum
441 3299 591 3380 actionis,
622 3298 736 3388 quibus
764 3321 836 3366 usus
860 3296 1001 3366 Christus
1021 3322 1057 3365 ex
1074 3322 1162 3390 pane

172 3439 204 3493 et
232 3425 303 3490 rino
333 3442 422 3488 suum
451 3418 631 3487 formaverit
660 3441 771 3508 corpus
795 3432 826 3487 at
846 3421 1039 3510 sanguinem.
1088 3421 1161 3489 Ubi

173 3545 256 3613 enim
292 3541 472 3609 inueneritis
507 3539 660 3631 ejusmodi
687 3541 836 3606 voeabula
849 3589 860 3621 ,
893 3554 960 3607 tum
988 3565 1041 3609 ros
1068 3542 1166 3634 louge

174 3667 260 3734 eritis
290 3661 423 3739 (lhri'sto⁴
444 3661 640 3753 superiores,
667 3661 817 3751 nobisque
844 3661 953 3729 licebit
972 3662 1166 3732 distribuere

170 3793 235 3880 ejus
254 3810 383 3877 corpus,
402 3797 433 3851 et
451 3783 509 3848 llle
527 3805 598 3863 ros,
621 3793 769 3870 tanquam
788 3780 884 3871 ipsius
901 3795 1004 3874 patres
1022 3795 1054 3848 et
1068 3805 1163 3850 orea-
1246 3790 1249 3801 '

169 3925 250 3978 tores
262 3958 277 3991 ,
302 3901 520 3983 venerabitur,
550 3903 630 3970 sicut
648 3903 798 3993 seriptum
818 3917 884 3974 est:
906 3926 1012 3970 verere
1031 3916 1159 3995 patrem

171 4047 258 4099 tuum
286 4043 435 4114 tuamque
462 4031 630 4093 matrem.”
678 4023 721 4092 Ut
746 4037 850 4093 autem
871 4005 1161 4096 Transsubstantia-
