2586 4718
521 301 668 378 'aa

160 539 199 606 ad
230 559 297 604 eam
326 537 407 602 bene
436 529 690 623 dijudicandam,
725 530 826 595 valere
852 529 932 594 forte
951 527 1092 618 poterit,
1117 529 1143 595 si

109 625 113 634 Ι
157 672 248 727 autea
264 657 371 750 paucis
387 675 539 746 exponere
555 674 702 719 conemur
718 649 853 716 instituti
869 649 950 715 illius
966 649 1143 716 monachici

159 779 319 862 indolem,
343 777 526 852 consilium,
547 786 641 864 atque
663 771 723 838 hoe
744 793 819 838 aevo
837 769 1101 862 depravationem.

205 1018 482 1109 Distinguebautur
497 1014 710 1084 Mendioantas
725 1037 743 1079 a
759 1011 1144 1080 Benedictinismonachis

159 1141 292 1206 maxime
311 1163 371 1219 eo,
396 1136 480 1228 quod
499 1137 611 1203 arctius
629 1135 900 1224 adstringebantur
918 1147 991 1200 voto
1011 1157 1144 1225 pauper·

161 1263 234 1327 tatis
245 1310 255 1342 ,
280 1262 367 1349 cujus
387 1259 527 1348 religiosi
549 1258 763 1325 observatione
784 1279 870 1322 veros
888 1278 919 1321 se
939 1278 1004 1322 esse
1026 1254 1144 1325 Christi

162 1378 329 1469 discipulos
344 1401 493 1468 verosque
510 1379 681 1446 imitatores
696 1378 880 1468 jactabant,
905 1390 1018 1467 atque,
1038 1377 1144 1444 omnia

159 1513 337 1591 respuentes
356 1497 437 1566 bona
456 1502 631 1581 terrestria,
651 1499 704 1565 uni
725 1499 881 1565 Ecclesiae
892 1499 984 1565 saluti
994 1523 1026 1566 se
1038 1498 1144 1566 dicare

160 1620 340 1712 cupiebant.
367 1621 519 1706 Quocirca
539 1643 669 1687 munera
690 1634 721 1687 et
740 1621 863 1703 officia,
884 1622 999 1711 quibus
1018 1621 1144 1701 elerici,

158 1757 226 1810 tum
256 1743 445 1826 saeculares,
478 1757 546 1810 tom
573 1745 730 1835 regulares
741 1795 752 1827 ,
785 1744 873 1833 fungi
899 1744 1059 1826 solebant,
1084 1745 1144 1811 sibi

160 1888 284 1956 qnoque
305 1865 416 1932 sensim
437 1866 644 1956 arrogabant,
668 1890 750 1955 quo,
771 1879 805 1932 ut
815 1865 999 1952 intelligitur
1006 1862 1142 1945 ,l'rorum

160 1987 313 2054 invidiam
342 1986 430 2054 valde
451 1987 512 2053 sibi
532 1987 722 2055 conflabant.
742 1984 918 2051 Studebaut
937 1985 970 2048 in
990 1985 1142 2074 populum

65 2185 68 2191 Ι
159 2107 315 2197 imprimis
334 2128 477 2196 magnam
498 2105 642 2170 obtinere
663 2105 748 2185 vim,
769 2117 803 2170 ut
824 2104 855 2168 iu
876 2102 961 2170 huuc
980 2104 1144 2172 dominan-

160 2241 206 2292 tes
225 2240 257 2292 et
276 2225 433 2292 Ecclesiae
452 2227 664 2317 prospicerent
683 2240 714 2293 et
733 2249 819 2292 suam
835 2227 1053 2294 auctoritatem
1070 2228 1144 2318 dig-

160 2349 354 2436 nitatemque
374 2348 560 2415 sustinerent
579 2362 610 2415 et
626 2347 863 2439 amplificarent.
898 2348 1065 2437 Propterea
1081 2371 1143 2415 non

160 2469 239 2534 intra
270 2467 450 2533 monasterii
481 2467 614 2533 claustra
642 2468 902 2563 continebantpr,
936 2468 989 2534 sed
1016 2470 1048 2534 in
1073 2461 1144 2537 luce

159 2587 335 2653 homiuum·
349 2585 565 2668 versabantur,
591 2587 623 2652 in
651 2587 748 2653 varias
770 2588 1047 2677 peregrinabantur
1066 2614 1143 2680 par-

161 2719 226 2788 tes,
252 2719 346 2799 atque
366 2707 544 2772 oberrantes
562 2728 740 2801 panemque
760 2710 825 2774 fere
846 2684 1059 2779 mendicantes
1080 2712 1142 2778 hu-

160 2826 301 2906 militer,
334 2828 431 2891 vitam
460 2829 671 2901 sustentabant
698 2829 821 2919 piorum
850 2804 1015 2899 hominum
1042 2831 1141 2902 donis.

161 2947 343 3026 Pontifices,
365 2960 538 3014 metuentes
549 2947 778 3014 haereticorum
792 2949 853 3015 illis
863 2952 1056 3042 temporibus
1068 2975 1143 3018 cae-

99 3105 101 3109 ·
158 3084 358 3160 tamtumque
373 3069 530 3137 Ecclesiae
545 3069 728 3137 Pontificiae
743 3070 941 3137 inimicorum
951 3086 1141 3139 crescentem

160 3191 194 3255 iu
223 3190 318 3274 laicos
346 3188 583 3266 efficacitatem,
616 3187 759 3254 lubenter
788 3190 840 3255 sui
865 3191 962 3256 tuteli
986 3205 1017 3258 et
1037 3192 1142 3262 lavore

120 3306 123 3316 ’
158 3310 426 3406 prosequebantur
441 3306 609 3399 multisque
623 3307 904 3375 remunerabantur
919 3310 1089 3404 privilegiis
1100 3315 1143 3381 it-

159 3432 227 3513 los,
254 3433 308 3522 qui
336 3455 394 3522 pro
413 3429 571 3497 boemiae
590 3429 799 3494 emolumento
818 3441 850 3495 et
868 3428 1052 3508 Hierarobii
1070 3436 1143 3501 vin·

162 3549 293 3617 dicandi
321 3575 389 3618 suas
418 3524 607 3616 devoverent?
632 3549 768 3615 fortunas
781 3573 790 3632 ;
816 3563 850 3617 ut
868 3549 987 3619 seilicet
1006 3553 1140 3621 vicissim

161 3670 291 3737 istorum
306 3672 418 3737 amilio
433 3670 620 3738 Pontificum
636 3660 830 3736 stabiliretur
838 3672 1018 3744 auctoritas.
1043 3677 1141 3742 Nem-

163 3812 224 3882 que
244 3783 346 3882 Papae
365 3793 563 3882 opponebant
583 3793 650 3858 illos
669 3792 813 3858 satellites
834 3791 1014 3861 adversariis
1033 3795 1142 3861 Eccle-

162 3913 246 3993 siae,
270 3911 371 4003 iisque
391 3913 558 3982 utebantur
578 3893 724 4003 tauquam
743 3912 944 3983 llierarchiae
964 3913 1141 3984 vindicibus
1241 3894 1244 3901 4

159 4047 191 4101 ot
211 4032 388 4137 stateribus.
437 4035 481 4102 Ut
500 4047 604 4104 autam
627 4031 775 4102 monaehi
795 4034 844 4103 isti
864 4036 926 4103 vim
945 4058 1031 4105 auam
1049 4039 1140 4107 latius
