<?xml version="1.0" encoding="UTF-8"?>
<!DOCTYPE html PUBLIC "-//W3C//DTD XHTML 1.0 Transitional//EN"
    "http://www.w3.org/TR/xhtml1/DTD/xhtml1-transitional.dtd">
<html xmlns="http://www.w3.org/1999/xhtml" xml:lang="en" lang="en">
 <head>
  <title>
</title>
<meta http-equiv="Content-Type" content="text/html;charset=utf-8" />
  <meta name='ocr-system' content='tesseract 3.04.00' />
  <meta name='ocr-capabilities' content='ocr_page ocr_carea ocr_par ocr_line ocrx_word'/>
</head>
<body>
  <div class='ocr_page' id='page_1' title='image "./diatribeinjohan00unkngoog_0255.png"; bbox 0 0 2586 4718; ppageno 0'>
   <div class='ocr_carea' id='block_1_1' title="bbox 655 331 720 396">
    <p class='ocr_par' dir='ltr' id='par_1_1' title="bbox 655 283 720 396">
     <span class='ocr_line' id='line_1_1' title="bbox 655 331 720 396; baseline 0.046 -3"><span class='ocrx_word' id='word_1_1' title='bbox 655 331 720 396; x_wconf 77' lang='lat' dir='ltr'><strong>ess</strong></span> 
     </span>
    </p>
   </div>
   <div class='ocr_carea' id='block_1_2' title="bbox 130 536 1278 2092">
    <p class='ocr_par' dir='ltr' id='par_1_2' title="bbox 130 536 1278 2092">
     <span class='ocr_line' id='line_1_2' title="bbox 190 536 1177 639; baseline 0.006 -30"><span class='ocrx_word' id='word_1_2' title='bbox 190 563 264 609; x_wconf 81' lang='lat' dir='ltr'><strong>vero</strong></span> <span class='ocrx_word' id='word_1_3' title='bbox 287 537 463 632; x_wconf 72' lang='lat' dir='ltr'>respublica</span> <span class='ocrx_word' id='word_1_4' title='bbox 488 539 521 606; x_wconf 91' lang='lat' dir='ltr'><strong>iu</strong></span> <span class='ocrx_word' id='word_1_5' title='bbox 544 536 877 631; x_wconf 87' lang='lat' dir='ltr'><strong>hancerpeditiouem</strong></span> <span class='ocrx_word' id='word_1_6' title='bbox 895 543 1091 635; x_wconf 74' lang='lat' dir='ltr'><strong>impenderet</strong></span> <span class='ocrx_word' id='word_1_7' title='bbox 1109 571 1177 639; x_wconf 84' lang='lat' dir='ltr'><strong>pe-</strong></span> 
     </span>
     <span class='ocr_line' id='line_1_3' title="bbox 189 660 1176 761; baseline 0.005 -31"><span class='ocrx_word' id='word_1_8' title='bbox 189 664 314 731; x_wconf 88' lang='lat' dir='ltr'><strong>cuniam</strong></span> <span class='ocrx_word' id='word_1_9' title='bbox 324 711 336 744; x_wconf 87' lang='lat'>‚</span> <span class='ocrx_word' id='word_1_10' title='bbox 354 662 415 752; x_wconf 80' lang='lat' dir='ltr'><strong>qod</strong></span> <span class='ocrx_word' id='word_1_11' title='bbox 433 682 511 751; x_wconf 89' lang='lat' dir='ltr'><strong>opus</strong></span> <span class='ocrx_word' id='word_1_12' title='bbox 529 668 621 727; x_wconf 85' lang='lat' dir='ltr'><strong>erat¹</strong></span> <span class='ocrx_word' id='word_1_13' title='bbox 631 710 643 742; x_wconf 90' lang='lat'><strong>,</strong></span> <span class='ocrx_word' id='word_1_14' title='bbox 661 660 855 731; x_wconf 87' lang='lat' dir='ltr'><strong>concedebat</strong></span> <span class='ocrx_word' id='word_1_15' title='bbox 872 663 976 748; x_wconf 88' lang='lat' dir='ltr'><strong>idam,</strong></span> <span class='ocrx_word' id='word_1_16' title='bbox 993 680 1027 760; x_wconf 81' lang='lat' dir='ltr'><strong>ut</strong></span> <span class='ocrx_word' id='word_1_17' title='bbox 1046 690 1100 735; x_wconf 89' lang='lat' dir='ltr'><strong>rer</strong></span> <span class='ocrx_word' id='word_1_18' title='bbox 1113 694 1176 761; x_wconf 88' lang='lat' dir='ltr'><strong>per</strong></span> 
     </span>
     <span class='ocr_line' id='line_1_4' title="bbox 160 778 1176 877; baseline 0.004 -20"><span class='ocrx_word' id='word_1_19' title='bbox 160 778 161 782; x_wconf 26' lang='lat'>¹</span> <span class='ocrx_word' id='word_1_20' title='bbox 187 802 288 857; x_wconf 89' lang='lat' dir='ltr'><strong>totum</strong></span> <span class='ocrx_word' id='word_1_21' title='bbox 306 805 435 874; x_wconf 81' lang='lat' dir='ltr'><strong>regnum</strong></span> <span class='ocrx_word' id='word_1_22' title='bbox 456 783 497 849; x_wconf 97' lang='lat' dir='ltr'><strong>ab</strong></span> <span class='ocrx_word' id='word_1_23' title='bbox 520 781 667 850; x_wconf 81' lang='lat' dir='ltr'><strong>Ecclesiis</strong></span> <span class='ocrx_word' id='word_1_24' title='bbox 694 781 831 852; x_wconf 84' lang='lat' dir='ltr'><strong>decimos</strong></span> <span class='ocrx_word' id='word_1_25' title='bbox 855 786 1008 877; x_wconf 83' lang='lat' dir='ltr'><strong>erigeret3</strong></span> <span class='ocrx_word' id='word_1_26' title='bbox 1032 802 1176 861; x_wconf 76' lang='lat' dir='ltr'><strong>attamen</strong></span> 
     </span>
     <span class='ocr_line' id='line_1_5' title="bbox 187 905 1174 999; baseline 0.005 -24"><span class='ocrx_word' id='word_1_27' title='bbox 187 933 206 975; x_wconf 94' lang='lat' dir='ltr'><strong>a</strong></span> <span class='ocrx_word' id='word_1_28' title='bbox 229 930 303 998; x_wconf 77' lang='lat' dir='ltr'><strong>rege</strong></span> <span class='ocrx_word' id='word_1_29' title='bbox 321 905 456 974; x_wconf 78' lang='lat' dir='ltr'><strong>vicissim</strong></span> <span class='ocrx_word' id='word_1_30' title='bbox 473 905 682 996; x_wconf 85' lang='lat' dir='ltr'><strong>impetrabat,</strong></span> <span class='ocrx_word' id='word_1_31' title='bbox 707 918 742 972; x_wconf 92' lang='lat' dir='ltr'><strong>ut</strong></span> <span class='ocrx_word' id='word_1_32' title='bbox 759 905 931 998; x_wconf 74' lang='lat' dir='ltr'>Episcopus</span> <span class='ocrx_word' id='word_1_33' title='bbox 949 909 1174 999; x_wconf 83' lang='lat' dir='ltr'><strong>Norrioensis,</strong></span> 
     </span>
     <span class='ocr_line' id='line_1_6' title="bbox 186 1026 1278 1127; baseline 0.005 -27"><span class='ocrx_word' id='word_1_34' title='bbox 186 1029 340 1100; x_wconf 85' lang='lat' dir='ltr'><strong>llenrious</strong></span> <span class='ocrx_word' id='word_1_35' title='bbox 357 1027 552 1118; x_wconf 88' lang='lat' dir='ltr'><strong>Spencerus,</strong></span> <span class='ocrx_word' id='word_1_36' title='bbox 569 1026 790 1118; x_wconf 84' lang='lat' dir='ltr'><strong>praeficeretur</strong></span> <span class='ocrx_word' id='word_1_37' title='bbox 815 1029 1029 1120; x_wconf 83' lang='lat' dir='ltr'><strong>expeditioni,</strong></span> <span class='ocrx_word' id='word_1_38' title='bbox 1051 1034 1177 1127; x_wconf 88' lang='lat' dir='ltr'><strong>quippe</strong></span> <span class='ocrx_word' id='word_1_39' title='bbox 1277 1030 1278 1033; x_wconf 45' lang='lat'>&#39;</span> 
     </span>
     <span class='ocr_line' id='line_1_7' title="bbox 187 1147 1175 1243; baseline 0.007 -26"><span class='ocrx_word' id='word_1_40' title='bbox 187 1173 267 1243; x_wconf 87' lang='lat' dir='ltr'><strong>quae</strong></span> <span class='ocrx_word' id='word_1_41' title='bbox 301 1162 369 1216; x_wconf 92' lang='lat' dir='ltr'><strong>erat</strong></span> <span class='ocrx_word' id='word_1_42' title='bbox 401 1170 486 1215; x_wconf 84' lang='lat' dir='ltr'><strong>saera</strong></span> <span class='ocrx_word' id='word_1_43' title='bbox 516 1147 683 1239; x_wconf 78' lang='lat' dir='ltr'><strong>quaedam.</strong></span> <span class='ocrx_word' id='word_1_44' title='bbox 739 1148 915 1239; x_wconf 78' lang='lat' dir='ltr'><strong>spencerus</strong></span> <span class='ocrx_word' id='word_1_45' title='bbox 943 1153 996 1220; x_wconf 92' lang='lat' dir='ltr'><strong>ille</strong></span> <span class='ocrx_word' id='word_1_46' title='bbox 1024 1167 1092 1222; x_wconf 83' lang='lat' dir='ltr'><strong>eret</strong></span> <span class='ocrx_word' id='word_1_47' title='bbox 1121 1156 1175 1224; x_wconf 84' lang='lat' dir='ltr'><strong>rir</strong></span> 
     </span>
     <span class='ocr_line' id='line_1_8' title="bbox 185 1269 1177 1361; baseline 0.002 -19"><span class='ocrx_word' id='word_1_48' title='bbox 185 1271 356 1342; x_wconf 82' lang='lat' dir='ltr'><strong>admodum</strong></span> <span class='ocrx_word' id='word_1_49' title='bbox 383 1271 568 1354; x_wconf 89' lang='lat' dir='ltr'><strong>bellicosus;</strong></span> <span class='ocrx_word' id='word_1_50' title='bbox 597 1293 692 1361; x_wconf 85' lang='lat' dir='ltr'><strong>quam</strong></span> <span class='ocrx_word' id='word_1_51' title='bbox 716 1269 855 1338; x_wconf 89' lang='lat' dir='ltr'><strong>indolem</strong></span> <span class='ocrx_word' id='word_1_52' title='bbox 872 1274 1047 1341; x_wconf 79' lang='lat' dir='ltr'><strong>martialem</strong></span> <span class='ocrx_word' id='word_1_53' title='bbox 1065 1288 1177 1345; x_wconf 90' lang='lat' dir='ltr'><strong>osten·</strong></span> 
     </span>
     <span class='ocr_line' id='line_1_9' title="bbox 185 1391 1176 1486; baseline 0.005 -24"><span class='ocrx_word' id='word_1_54' title='bbox 185 1395 256 1477; x_wconf 88' lang='lat' dir='ltr'><strong>dit,</strong></span> <span class='ocrx_word' id='word_1_55' title='bbox 274 1394 333 1460; x_wconf 91' lang='lat' dir='ltr'><strong>ubi</strong></span> <span class='ocrx_word' id='word_1_56' title='bbox 348 1391 388 1459; x_wconf 94' lang='lat' dir='ltr'><strong>ad</strong></span> <span class='ocrx_word' id='word_1_57' title='bbox 405 1391 590 1460; x_wconf 89' lang='lat' dir='ltr'><strong>seditionem</strong></span> <span class='ocrx_word' id='word_1_58' title='bbox 611 1393 817 1473; x_wconf 89' lang='lat' dir='ltr'><strong>rusticorum,</strong></span> <span class='ocrx_word' id='word_1_59' title='bbox 834 1393 955 1462; x_wconf 82' lang='lat' dir='ltr'><strong>euobis</strong></span> <span class='ocrx_word' id='word_1_60' title='bbox 966 1397 1032 1486; x_wconf 82' lang='lat' dir='ltr'><strong>jem</strong></span> <span class='ocrx_word' id='word_1_61' title='bbox 1048 1419 1176 1468; x_wconf 89' lang='lat' dir='ltr'><strong>memo·</strong></span> 
     </span>
     <span class='ocr_line' id='line_1_10' title="bbox 182 1512 1173 1607; baseline 0.007 -25"><span class='ocrx_word' id='word_1_62' title='bbox 182 1528 306 1597; x_wconf 81' lang='lat' dir='ltr'><strong>rutam,</strong></span> <span class='ocrx_word' id='word_1_63' title='bbox 330 1513 454 1580; x_wconf 86' lang='lat' dir='ltr'><strong>fortiter</strong></span> <span class='ocrx_word' id='word_1_64' title='bbox 474 1512 745 1604; x_wconf 89' lang='lat' dir='ltr'><strong>comprimendam</strong></span> <span class='ocrx_word' id='word_1_65' title='bbox 758 1514 792 1580; x_wconf 90' lang='lat' dir='ltr'><strong>in</strong></span> <span class='ocrx_word' id='word_1_66' title='bbox 809 1513 988 1584; x_wconf 85' lang='lat' dir='ltr'><strong>Norfoleiee</strong></span> <span class='ocrx_word' id='word_1_67' title='bbox 1006 1519 1173 1607; x_wconf 77' lang='lat' dir='ltr'><strong>provincii</strong></span> 
     </span>
     <span class='ocr_line' id='line_1_11' title="bbox 181 1633 1172 1727; baseline 0.004 -23"><span class='ocrx_word' id='word_1_68' title='bbox 181 1636 304 1727; x_wconf 75' lang='lat' dir='ltr'><strong>adjuvit</strong></span> <span class='ocrx_word' id='word_1_69' title='bbox 314 1644 343 1706; x_wconf 82' lang='lat'><strong>².</strong></span> <span class='ocrx_word' id='word_1_70' title='bbox 388 1633 531 1702; x_wconf 84' lang='lat' dir='ltr'><strong>Wioliffo</strong></span> <span class='ocrx_word' id='word_1_71' title='bbox 550 1656 676 1725; x_wconf 84' lang='lat' dir='ltr'><strong>quoquc</strong></span> <span class='ocrx_word' id='word_1_72' title='bbox 695 1647 727 1702; x_wconf 91' lang='lat' dir='ltr'><strong>et</strong></span> <span class='ocrx_word' id='word_1_73' title='bbox 739 1635 1070 1705; x_wconf 82' lang='lat' dir='ltr'><strong>uuiverseWieliffitis</strong></span> <span class='ocrx_word' id='word_1_74' title='bbox 1084 1663 1172 1708; x_wconf 90' lang='lat' dir='ltr'><strong>sem·</strong></span> 
     </span>
     <span class='ocr_line' id='line_1_12' title="bbox 130 1733 1173 1851; baseline 0.009 -28"><span class='ocrx_word' id='word_1_75' title='bbox 130 1805 138 1823; x_wconf 91' lang='lat'><strong>.</strong></span> <span class='ocrx_word' id='word_1_76' title='bbox 180 1781 239 1851; x_wconf 87' lang='lat' dir='ltr'><strong>per</strong></span> <span class='ocrx_word' id='word_1_77' title='bbox 257 1757 423 1824; x_wconf 92' lang='lat' dir='ltr'><strong>inimicum</strong></span> <span class='ocrx_word' id='word_1_78' title='bbox 441 1777 474 1823; x_wconf 90' lang='lat' dir='ltr'><strong>se</strong></span> <span class='ocrx_word' id='word_1_79' title='bbox 491 1733 647 1846; x_wconf 88' lang='lat' dir='ltr'><strong>praestitit</strong></span> <span class='ocrx_word' id='word_1_80' title='bbox 657 1763 685 1826; x_wconf 78' lang='lat'><strong>³.</strong></span> <span class='ocrx_word' id='word_1_81' title='bbox 732 1755 802 1824; x_wconf 84' lang='lat' dir='ltr'><strong>Dur</strong></span> <span class='ocrx_word' id='word_1_82' title='bbox 819 1756 895 1823; x_wconf 89' lang='lat' dir='ltr'><strong>belli</strong></span> <span class='ocrx_word' id='word_1_83' title='bbox 912 1757 1009 1849; x_wconf 78' lang='lat' dir='ltr'><strong>igitur</strong></span> <span class='ocrx_word' id='word_1_84' title='bbox 1027 1775 1173 1846; x_wconf 83' lang='lat' dir='ltr'><strong>creatus,</strong></span> 
     </span>
     <span class='ocr_line' id='line_1_13' title="bbox 179 1876 1174 1973; baseline 0.007 -27"><span class='ocrx_word' id='word_1_85' title='bbox 179 1881 333 1973; x_wconf 89' lang='lat' dir='ltr'><strong>populum</strong></span> <span class='ocrx_word' id='word_1_86' title='bbox 361 1877 509 1944; x_wconf 88' lang='lat' dir='ltr'><strong>omnibm</strong></span> <span class='ocrx_word' id='word_1_87' title='bbox 537 1876 661 1959; x_wconf 92' lang='lat' dir='ltr'><strong>modis,</strong></span> <span class='ocrx_word' id='word_1_88' title='bbox 691 1876 902 1968; x_wconf 76' lang='lat' dir='ltr'><strong>eloquentiis,¹</strong></span> <span class='ocrx_word' id='word_1_89' title='bbox 916 1882 1095 1971; x_wconf 85' lang='lat' dir='ltr'><strong>promissis,</strong></span> <span class='ocrx_word' id='word_1_90' title='bbox 1116 1907 1174 1953; x_wconf 86' lang='lat' dir='ltr'><strong>er·</strong></span> 
     </span>
     <span class='ocr_line' id='line_1_14' title="bbox 181 1999 1170 2092; baseline 0.004 -22"><span class='ocrx_word' id='word_1_91' title='bbox 181 2003 313 2082; x_wconf 84' lang='lat' dir='ltr'><strong>citarit,</strong></span> <span class='ocrx_word' id='word_1_92' title='bbox 335 2013 429 2092; x_wconf 87' lang='lat' dir='ltr'><strong>atque</strong></span> <span class='ocrx_word' id='word_1_93' title='bbox 447 2022 521 2068; x_wconf 90' lang='lat' dir='ltr'><strong>cum</strong></span> <span class='ocrx_word' id='word_1_94' title='bbox 541 1999 629 2090; x_wconf 89' lang='lat' dir='ltr'><strong>ipso,</strong></span> <span class='ocrx_word' id='word_1_95' title='bbox 649 2011 717 2067; x_wconf 90' lang='lat' dir='ltr'><strong>tum</strong></span> <span class='ocrx_word' id='word_1_96' title='bbox 736 2021 793 2091; x_wconf 91' lang='lat' dir='ltr'><strong>per</strong></span> <span class='ocrx_word' id='word_1_97' title='bbox 813 2013 949 2070; x_wconf 87' lang='lat' dir='ltr'><strong>rectores</strong></span> <span class='ocrx_word' id='word_1_98' title='bbox 967 2015 999 2069; x_wconf 90' lang='lat' dir='ltr'><strong>ct</strong></span> <span class='ocrx_word' id='word_1_99' title='bbox 1016 2003 1170 2088; x_wconf 83' lang='lat' dir='ltr'><strong>sicarios,</strong></span> 
     </span>
    </p>
   </div>
   <div class='ocr_carea' id='block_1_3' title="bbox 158 2213 1181 4148">
    <p class='ocr_par' dir='ltr' id='par_1_3' title="bbox 158 2213 1181 3890">
     <span class='ocr_line' id='line_1_15' title="bbox 213 2213 1179 2282; baseline 0.004 -18"><span class='ocrx_word' id='word_1_100' title='bbox 213 2221 222 2255; x_wconf 85' lang='lat'><strong>¹</strong></span> <span class='ocrx_word' id='word_1_101' title='bbox 246 2217 341 2269; x_wconf 80' lang='lat' dir='ltr'><strong>Pulcra</strong></span> <span class='ocrx_word' id='word_1_102' title='bbox 356 2215 395 2264; x_wconf 92' lang='lat' dir='ltr'><strong>ait</strong></span> <span class='ocrx_word' id='word_1_103' title='bbox 410 2214 582 2265; x_wconf 77' lang='lat' dir='ltr'><strong>Froissartuss</strong></span> <span class='ocrx_word' id='word_1_104' title='bbox 602 2214 656 2263; x_wconf 82' lang='lat' dir='ltr'><strong>Gar</strong></span> <span class='ocrx_word' id='word_1_105' title='bbox 675 2213 737 2264; x_wconf 84' lang='lat' dir='ltr'><strong>ds&#39;ess</strong></span> <span class='ocrx_word' id='word_1_106' title='bbox 750 2218 839 2265; x_wconf 80' lang='lat' dir='ltr'><strong>suooit</strong></span> <span class='ocrx_word' id='word_1_107' title='bbox 856 2233 908 2282; x_wconf 81' lang='lat' dir='ltr'><strong>qus</strong></span> <span class='ocrx_word' id='word_1_108' title='bbox 924 2217 964 2267; x_wconf 86' lang='lat' dir='ltr'><strong>les</strong></span> <span class='ocrx_word' id='word_1_109' title='bbox 980 2217 1070 2268; x_wconf 78' lang='lat' dir='ltr'><strong>nolles</strong></span> <span class='ocrx_word' id='word_1_110' title='bbox 1087 2222 1179 2275; x_wconf 77' lang='lat' dir='ltr'><strong>d&#39;Ass.</strong></span> 
     </span>
     <span class='ocr_line' id='line_1_16' title="bbox 248 2299 1181 2374; baseline 0.013 -24"><span class='ocrx_word' id='word_1_111' title='bbox 248 2302 364 2368; x_wconf 70' lang='lat' dir='ltr'><strong>uictores</strong></span> <span class='ocrx_word' id='word_1_112' title='bbox 390 2314 462 2364; x_wconf 78' lang='lat' dir='ltr'><strong>posse</strong></span> <span class='ocrx_word' id='word_1_113' title='bbox 488 2304 575 2348; x_wconf 81' lang='lat' dir='ltr'><strong>toutss</strong></span> <span class='ocrx_word' id='word_1_114' title='bbox 603 2315 645 2347; x_wconf 80' lang='lat' dir='ltr'><strong>ses</strong></span> <span class='ocrx_word' id='word_1_115' title='bbox 669 2299 836 2351; x_wconf 74' lang='lat' dir='ltr'><strong>obsoletions</strong></span> <span class='ocrx_word' id='word_1_116' title='bbox 865 2319 900 2352; x_wconf 86' lang='lat' dir='ltr'><strong>sse</strong></span> <span class='ocrx_word' id='word_1_117' title='bbox 929 2305 1181 2374; x_wconf 76' lang='lat' dir='ltr'><strong>eleocssclsesoyssst</strong></span> 
     </span>
     <span class='ocr_line' id='line_1_17' title="bbox 242 2381 1179 2453; baseline 0.009 -19"><span class='ocrx_word' id='word_1_118' title='bbox 242 2389 342 2453; x_wconf 80' lang='lat' dir='ltr'><strong>poisat,</strong></span> <span class='ocrx_word' id='word_1_119' title='bbox 364 2398 392 2432; x_wconf 91' lang='lat' dir='ltr'><strong>ss</strong></span> <span class='ocrx_word' id='word_1_120' title='bbox 407 2383 527 2448; x_wconf 75' lang='lat' dir='ltr'><strong>l&#39;ospssrt</strong></span> <span class='ocrx_word' id='word_1_121' title='bbox 539 2381 652 2432; x_wconf 82' lang='lat' dir='ltr'><strong>ss&#39;ullos&#39;t</strong></span> <span class='ocrx_word' id='word_1_122' title='bbox 668 2383 784 2443; x_wconf 81' lang='lat' dir='ltr'><strong>decent,</strong></span> <span class='ocrx_word' id='word_1_123' title='bbox 805 2400 854 2434; x_wconf 82' lang='lat' dir='ltr'><strong>cos·</strong></span> <span class='ocrx_word' id='word_1_124' title='bbox 869 2387 908 2434; x_wconf 86' lang='lat' dir='ltr'><strong>les</strong></span> <span class='ocrx_word' id='word_1_125' title='bbox 926 2403 991 2452; x_wconf 80' lang='lat' dir='ltr'><strong>pesse</strong></span> <span class='ocrx_word' id='word_1_126' title='bbox 1004 2385 1125 2440; x_wconf 80' lang='lat' dir='ltr'><strong>d’usmss</strong></span> <span class='ocrx_word' id='word_1_127' title='bbox 1140 2409 1179 2444; x_wconf 87' lang='lat' dir='ltr'><strong>sse</strong></span> 
     </span>
     <span class='ocr_line' id='line_1_18' title="bbox 244 2468 1179 2542; baseline 0.009 -19"><span class='ocrx_word' id='word_1_128' title='bbox 244 2475 339 2524; x_wconf 77' lang='lat' dir='ltr'><strong>sivest</strong></span> <span class='ocrx_word' id='word_1_129' title='bbox 362 2485 415 2536; x_wconf 83' lang='lat' dir='ltr'><strong>pus</strong></span> <span class='ocrx_word' id='word_1_130' title='bbox 439 2470 473 2518; x_wconf 82' lang='lat' dir='ltr'><strong>de</strong></span> <span class='ocrx_word' id='word_1_131' title='bbox 493 2469 631 2534; x_wconf 76' lang='lat' dir='ltr'><strong>perdone,</strong></span> <span class='ocrx_word' id='word_1_132' title='bbox 656 2468 726 2519; x_wconf 84' lang='lat' dir='ltr'><strong>ss&#39;s&#39;ls</strong></span> <span class='ocrx_word' id='word_1_133' title='bbox 743 2470 810 2519; x_wconf 86' lang='lat' dir='ltr'><strong>ss&#39;sss</strong></span> <span class='ocrx_word' id='word_1_134' title='bbox 823 2472 891 2538; x_wconf 86' lang='lat' dir='ltr'><strong>fosst</strong></span> <span class='ocrx_word' id='word_1_135' title='bbox 906 2476 988 2539; x_wconf 74' lang='lat' dir='ltr'><strong>poisat</strong></span> <span class='ocrx_word' id='word_1_136' title='bbox 1006 2482 1067 2542; x_wconf 81' lang='lat' dir='ltr'><strong>trop</strong></span> <span class='ocrx_word' id='word_1_137' title='bbox 1083 2483 1179 2542; x_wconf 69' lang='lat' dir='ltr'><strong>proed</strong></span> 
     </span>
     <span class='ocr_line' id='line_1_19' title="bbox 243 2554 906 2625; baseline -0.002 -17"><span class='ocrx_word' id='word_1_138' title='bbox 243 2562 362 2621; x_wconf 85' lang='lat' dir='ltr'><strong>compto,</strong></span> <span class='ocrx_word' id='word_1_139' title='bbox 377 2557 442 2621; x_wconf 83' lang='lat' dir='ltr'><strong>sors</strong></span> <span class='ocrx_word' id='word_1_140' title='bbox 457 2569 494 2602; x_wconf 82' lang='lat' dir='ltr'><strong>ass</strong></span> <span class='ocrx_word' id='word_1_141' title='bbox 512 2555 628 2603; x_wconf 79' lang='lat' dir='ltr'><strong>destruit</strong></span> <span class='ocrx_word' id='word_1_142' title='bbox 646 2555 678 2625; x_wconf 80' lang='lat' dir='ltr'><strong>de</strong></span> <span class='ocrx_word' id='word_1_143' title='bbox 698 2554 724 2604; x_wconf 83' lang='lat' dir='ltr'><strong>lu</strong></span> <span class='ocrx_word' id='word_1_144' title='bbox 740 2562 821 2607; x_wconf 85' lang='lat' dir='ltr'><strong>mort.</strong></span> <span class='ocrx_word' id='word_1_145' title='bbox 841 2556 906 2609; x_wconf 86' lang='lat' dir='ltr'><strong>ibid.</strong></span> 
     </span>
     <span class='ocr_line' id='line_1_20' title="bbox 208 2637 1172 2708; baseline 0.006 -18"><span class='ocrx_word' id='word_1_146' title='bbox 208 2645 222 2681; x_wconf 75' lang='lat'><em>²</em></span> <span class='ocrx_word' id='word_1_147' title='bbox 244 2643 280 2691; x_wconf 82' lang='lat' dir='ltr'><strong>Er</strong></span> <span class='ocrx_word' id='word_1_148' title='bbox 306 2639 496 2704; x_wconf 78' lang='lat' dir='ltr'><strong>descriptione,</strong></span> <span class='ocrx_word' id='word_1_149' title='bbox 524 2653 601 2700; x_wconf 84' lang='lat' dir='ltr'><strong>quam</strong></span> <span class='ocrx_word' id='word_1_150' title='bbox 628 2637 700 2687; x_wconf 86' lang='lat' dir='ltr'><strong>dedit</strong></span> <span class='ocrx_word' id='word_1_151' title='bbox 727 2639 933 2705; x_wconf 68' lang='lat' dir='ltr'><strong>Walainghamus</strong></span> <span class='ocrx_word' id='word_1_152' title='bbox 960 2641 993 2693; x_wconf 88' lang='lat' dir='ltr'><strong>de</strong></span> <span class='ocrx_word' id='word_1_153' title='bbox 1019 2643 1172 2708; x_wconf 76' lang='lat' dir='ltr'><strong>spencero,</strong></span> 
     </span>
     <span class='ocr_line' id='line_1_21' title="bbox 241 2721 1173 2792; baseline 0.003 -14"><span class='ocrx_word' id='word_1_154' title='bbox 241 2728 291 2778; x_wconf 88' lang='lat' dir='ltr'><strong>hao</strong></span> <span class='ocrx_word' id='word_1_155' title='bbox 310 2723 503 2792; x_wconf 73' lang='lat' dir='ltr'><strong>opportunitate</strong></span> <span class='ocrx_word' id='word_1_156' title='bbox 518 2721 646 2787; x_wconf 84' lang='lat' dir='ltr'><strong>intrepide</strong></span> <span class='ocrx_word' id='word_1_157' title='bbox 662 2728 794 2787; x_wconf 69' lang='lat' dir='ltr'><strong>pugnante</strong></span> <span class='ocrx_word' id='word_1_158' title='bbox 810 2741 869 2774; x_wconf 91' lang='lat' dir='ltr'><strong>cum</strong></span> <span class='ocrx_word' id='word_1_159' title='bbox 887 2727 1050 2778; x_wconf 88' lang='lat' dir='ltr'><strong>tumultuatis</strong></span> <span class='ocrx_word' id='word_1_160' title='bbox 1064 2729 1173 2783; x_wconf 83' lang='lat' dir='ltr'><strong>llorsol·</strong></span> 
     </span>
     <span class='ocr_line' id='line_1_22' title="bbox 243 2803 1174 2878; baseline 0.004 -17"><span class='ocrx_word' id='word_1_161' title='bbox 243 2810 341 2871; x_wconf 79' lang='lat' dir='ltr'><strong>sienis,</strong></span> <span class='ocrx_word' id='word_1_162' title='bbox 360 2805 463 2871; x_wconf 73' lang='lat' dir='ltr'><strong>egregie</strong></span> <span class='ocrx_word' id='word_1_163' title='bbox 477 2804 559 2853; x_wconf 80' lang='lat' dir='ltr'><strong>virum</strong></span> <span class='ocrx_word' id='word_1_164' title='bbox 572 2803 674 2854; x_wconf 85' lang='lat' dir='ltr'><strong>huncce</strong></span> <span class='ocrx_word' id='word_1_165' title='bbox 686 2805 838 2857; x_wconf 85' lang='lat' dir='ltr'><strong>bellicosum</strong></span> <span class='ocrx_word' id='word_1_166' title='bbox 855 2825 1011 2873; x_wconf 72' lang='lat' dir='ltr'><strong>cognoscere</strong></span> <span class='ocrx_word' id='word_1_167' title='bbox 1024 2828 1174 2878; x_wconf 88' lang='lat' dir='ltr'><strong>possumus.</strong></span> 
     </span>
     <span class='ocr_line' id='line_1_23' title="bbox 243 2875 1172 2962; baseline 0.013 -24"><span class='ocrx_word' id='word_1_168' title='bbox 243 2914 260 2947; x_wconf 67' lang='lat'>2</span> <span class='ocrx_word' id='word_1_169' title='bbox 271 2897 346 2960; x_wconf 75' lang='lat' dir='ltr'><strong>lpse,</strong></span> <span class='ocrx_word' id='word_1_170' title='bbox 372 2891 420 2954; x_wconf 82' lang='lat' dir='ltr'><strong>(ait</strong></span> <span class='ocrx_word' id='word_1_171' title='bbox 436 2875 503 2952; x_wconf 90' lang='lat' dir='ltr'><strong>ille),</strong></span> <span class='ocrx_word' id='word_1_172' title='bbox 523 2889 624 2954; x_wconf 78' lang='lat' dir='ltr'><strong>arrepti</strong></span> <span class='ocrx_word' id='word_1_173' title='bbox 641 2890 746 2941; x_wconf 80' lang='lat' dir='ltr'><strong>dexteri</strong></span> <span class='ocrx_word' id='word_1_174' title='bbox 763 2909 840 2942; x_wconf 90' lang='lat' dir='ltr'><strong>mauu</strong></span> <span class='ocrx_word' id='word_1_175' title='bbox 856 2894 967 2957; x_wconf 77' lang='lat' dir='ltr'><strong>lanosi,</strong></span> <span class='ocrx_word' id='word_1_176' title='bbox 987 2903 1062 2962; x_wconf 68' lang='lat' dir='ltr'><strong>urget</strong></span> <span class='ocrx_word' id='word_1_177' title='bbox 1079 2901 1172 2950; x_wconf 87' lang='lat' dir='ltr'><strong>corni·</strong></span> 
     </span>
     <span class='ocr_line' id='line_1_24' title="bbox 242 2973 1172 3050; baseline 0.006 -19"><span class='ocrx_word' id='word_1_178' title='bbox 242 2980 334 3050; x_wconf 87' lang='lat' dir='ltr'><strong>pedem</strong></span> <span class='ocrx_word' id='word_1_179' title='bbox 359 2975 442 3027; x_wconf 87' lang='lat' dir='ltr'><strong>acutis</strong></span> <span class='ocrx_word' id='word_1_180' title='bbox 459 2973 619 3034; x_wconf 87' lang='lat' dir='ltr'><strong>calcaribus,</strong></span> <span class='ocrx_word' id='word_1_181' title='bbox 639 2980 667 3024; x_wconf 89' lang='lat' dir='ltr'><strong>et</strong></span> <span class='ocrx_word' id='word_1_182' title='bbox 683 2977 756 3026; x_wconf 77' lang='lat' dir='ltr'><strong>tanti</strong></span> <span class='ocrx_word' id='word_1_183' title='bbox 770 2978 951 3048; x_wconf 76' lang='lat' dir='ltr'><strong>animositate,</strong></span> <span class='ocrx_word' id='word_1_184' title='bbox 971 2977 1045 3034; x_wconf 74' lang='lat' dir='ltr'><strong>tanti</strong></span> <span class='ocrx_word' id='word_1_185' title='bbox 1061 2984 1172 3037; x_wconf 80' lang='lat' dir='ltr'><strong>audacld</strong></span> 
     </span>
     <span class='ocr_line' id='line_1_25' title="bbox 242 3062 1172 3136; baseline 0 -16"><span class='ocrx_word' id='word_1_186' title='bbox 242 3069 349 3120; x_wconf 83' lang='lat' dir='ltr'><strong>effertur</strong></span> <span class='ocrx_word' id='word_1_187' title='bbox 373 3062 400 3110; x_wconf 89' lang='lat' dir='ltr'><strong>in</strong></span> <span class='ocrx_word' id='word_1_188' title='bbox 425 3075 486 3120; x_wconf 89' lang='lat' dir='ltr'><strong>eos,</strong></span> <span class='ocrx_word' id='word_1_189' title='bbox 513 3062 544 3108; x_wconf 89' lang='lat' dir='ltr'><strong>ut</strong></span> <span class='ocrx_word' id='word_1_190' title='bbox 568 3075 645 3110; x_wconf 90' lang='lat' dir='ltr'><strong>cursu</strong></span> <span class='ocrx_word' id='word_1_191' title='bbox 672 3063 832 3114; x_wconf 76' lang='lat' dir='ltr'><strong>uelocissimo</strong></span> <span class='ocrx_word' id='word_1_192' title='bbox 854 3068 945 3118; x_wconf 83' lang='lat' dir='ltr'><strong>fossam</strong></span> <span class='ocrx_word' id='word_1_193' title='bbox 966 3076 1172 3136; x_wconf 74' lang='lat' dir='ltr'><strong>praeoccuparet</strong></span> 
     </span>
     <span class='ocr_line' id='line_1_26' title="bbox 173 3145 1171 3223; baseline 0.003 -18"><span class='ocrx_word' id='word_1_194' title='bbox 173 3172 179 3187; x_wconf 79' lang='grc'><em>’</em></span> <span class='ocrx_word' id='word_1_195' title='bbox 241 3152 347 3206; x_wconf 81' lang='lat' dir='ltr'><strong>citatior</strong></span> <span class='ocrx_word' id='word_1_196' title='bbox 371 3146 471 3210; x_wconf 72' lang='lat' dir='ltr'><strong>sagittis</strong></span> <span class='ocrx_word' id='word_1_197' title='bbox 495 3145 557 3195; x_wconf 91' lang='lat' dir='ltr'><strong>suia.</strong></span> <span class='ocrx_word' id='word_1_198' title='bbox 585 3171 637 3183; x_wconf 94' lang='lat'><em>-</em></span> <span class='ocrx_word' id='word_1_199' title='bbox 661 3148 779 3220; x_wconf 80' lang='lat' dir='ltr'><strong>Antiates</strong></span> <span class='ocrx_word' id='word_1_200' title='bbox 795 3157 855 3217; x_wconf 67' lang='lat' dir='ltr'><strong>erpo</strong></span> <span class='ocrx_word' id='word_1_201' title='bbox 872 3154 997 3220; x_wconf 74' lang='lat' dir='ltr'><strong>belliger,</strong></span> <span class='ocrx_word' id='word_1_202' title='bbox 1016 3156 1088 3205; x_wconf 79' lang='lat' dir='ltr'><strong>velut</strong></span> <span class='ocrx_word' id='word_1_203' title='bbox 1106 3173 1171 3223; x_wconf 90' lang='lat' dir='ltr'><strong>aper</strong></span> 
     </span>
     <span class='ocr_line' id='line_1_27' title="bbox 158 3231 1171 3305; baseline 0.002 -15"><span class='ocrx_word' id='word_1_204' title='bbox 158 3264 160 3275; x_wconf 43' lang='grc' dir='ltr'><strong><em>ι</em></strong></span> <span class='ocrx_word' id='word_1_205' title='bbox 242 3237 363 3291; x_wconf 80' lang='lat' dir='ltr'><strong>frendens</strong></span> <span class='ocrx_word' id='word_1_206' title='bbox 380 3231 516 3292; x_wconf 87' lang='lat' dir='ltr'><strong>dentibus,</strong></span> <span class='ocrx_word' id='word_1_207' title='bbox 535 3232 584 3284; x_wconf 90' lang='lat' dir='ltr'><strong>sibi</strong></span> <span class='ocrx_word' id='word_1_208' title='bbox 600 3249 650 3292; x_wconf 79' lang='lat' dir='ltr'><strong>nec</strong></span> <span class='ocrx_word' id='word_1_209' title='bbox 665 3234 784 3286; x_wconf 89' lang='lat' dir='ltr'><strong>hostibus</strong></span> <span class='ocrx_word' id='word_1_210' title='bbox 804 3239 857 3288; x_wconf 83' lang='lat' dir='ltr'><strong>s&#39;uis</strong></span> <span class='ocrx_word' id='word_1_211' title='bbox 874 3255 998 3305; x_wconf 85' lang='lat' dir='ltr'><strong>parcens,</strong></span> <span class='ocrx_word' id='word_1_212' title='bbox 1017 3239 1063 3289; x_wconf 87' lang='lat' dir='ltr'><strong>ubi</strong></span> <span class='ocrx_word' id='word_1_213' title='bbox 1077 3256 1171 3292; x_wconf 84' lang='lat' dir='ltr'><strong>manus</strong></span> 
     </span>
     <span class='ocr_line' id='line_1_28' title="bbox 241 3317 1170 3391; baseline 0.002 -17"><span class='ocrx_word' id='word_1_214' title='bbox 241 3320 369 3387; x_wconf 91' lang='lat' dir='ltr'><strong>conspicit</strong></span> <span class='ocrx_word' id='word_1_215' title='bbox 397 3333 452 3368; x_wconf 89' lang='lat' dir='ltr'><strong>esse</strong></span> <span class='ocrx_word' id='word_1_216' title='bbox 477 3317 636 3384; x_wconf 89' lang='lat' dir='ltr'><strong>periculum,</strong></span> <span class='ocrx_word' id='word_1_217' title='bbox 664 3320 752 3385; x_wconf 71' lang='lat' dir='ltr'><strong>dirigit</strong></span> <span class='ocrx_word' id='word_1_218' title='bbox 775 3322 855 3372; x_wconf 89' lang='lat' dir='ltr'><strong>robur</strong></span> <span class='ocrx_word' id='word_1_219' title='bbox 880 3341 971 3386; x_wconf 86' lang='lat' dir='ltr'><strong>suum,</strong></span> <span class='ocrx_word' id='word_1_220' title='bbox 991 3321 1061 3375; x_wconf 92' lang='lat' dir='ltr'><strong>huno</strong></span> <span class='ocrx_word' id='word_1_221' title='bbox 1079 3328 1170 3391; x_wconf 88' lang='lat' dir='ltr'><strong>perlo-</strong></span> 
     </span>
     <span class='ocr_line' id='line_1_29' title="bbox 241 3403 1170 3478; baseline 0.008 -21"><span class='ocrx_word' id='word_1_222' title='bbox 241 3409 343 3467; x_wconf 86' lang='lat' dir='ltr'><strong>rando,</strong></span> <span class='ocrx_word' id='word_1_223' title='bbox 361 3405 434 3468; x_wconf 83' lang='lat' dir='ltr'><strong>illum</strong></span> <span class='ocrx_word' id='word_1_224' title='bbox 447 3403 611 3469; x_wconf 83' lang='lat' dir='ltr'><strong>dejiciendo,</strong></span> <span class='ocrx_word' id='word_1_225' title='bbox 628 3403 706 3454; x_wconf 88' lang='lat' dir='ltr'><strong>alium</strong></span> <span class='ocrx_word' id='word_1_226' title='bbox 723 3407 923 3470; x_wconf 80' lang='lat' dir='ltr'><strong>vulnerando,¹’</strong></span> <span class='ocrx_word' id='word_1_227' title='bbox 936 3413 989 3460; x_wconf 86' lang='lat' dir='ltr'><strong>etc.</strong></span> <span class='ocrx_word' id='word_1_228' title='bbox 1006 3407 1077 3460; x_wconf 82' lang='lat' dir='ltr'><strong>liist.</strong></span> <span class='ocrx_word' id='word_1_229' title='bbox 1086 3409 1170 3478; x_wconf 76' lang='lat' dir='ltr'><strong>Asopi.</strong></span> 
     </span>
     <span class='ocr_line' id='line_1_30' title="bbox 260 3489 384 3540; baseline -0.008 0"><span class='ocrx_word' id='word_1_230' title='bbox 260 3489 346 3540; x_wconf 79' lang='grc'><strong>.264.</strong></span> <span class='ocrx_word' id='word_1_231' title='bbox 381 3520 384 3524; x_wconf 94' lang='grc'><strong>-</strong></span> 
     </span>
     <span class='ocr_line' id='line_1_31' title="bbox 204 3508 1171 3640; baseline 0.007 -15"><span class='ocrx_word' id='word_1_232' title='bbox 204 3581 218 3616; x_wconf 78' lang='lat'>²</span> <span class='ocrx_word' id='word_1_233' title='bbox 239 3508 366 3625; x_wconf 72' lang='lat' dir='ltr'><strong>interluit</strong></span> <span class='ocrx_word' id='word_1_234' title='bbox 388 3573 489 3623; x_wconf 87' lang='lat' dir='ltr'><strong>scilicet</strong></span> <span class='ocrx_word' id='word_1_235' title='bbox 514 3571 611 3637; x_wconf 76' lang='lat' dir='ltr'><strong>synodo</strong></span> <span class='ocrx_word' id='word_1_236' title='bbox 640 3573 796 3636; x_wconf 87' lang='lat' dir='ltr'><strong>Oxonieusi,</strong></span> <span class='ocrx_word' id='word_1_237' title='bbox 823 3575 850 3624; x_wconf 89' lang='lat' dir='ltr'><strong>in</strong></span> <span class='ocrx_word' id='word_1_238' title='bbox 869 3592 921 3640; x_wconf 86' lang='lat' dir='ltr'><strong>quo</strong></span> <span class='ocrx_word' id='word_1_239' title='bbox 942 3578 991 3629; x_wconf 92' lang='lat' dir='ltr'><strong>suh</strong></span> <span class='ocrx_word' id='word_1_240' title='bbox 1009 3579 1087 3630; x_wconf 84' lang='lat' dir='ltr'><strong>finem</strong></span> <span class='ocrx_word' id='word_1_241' title='bbox 1106 3582 1171 3632; x_wconf 85' lang='lat' dir='ltr'><strong>anni</strong></span> 
     </span>
     <span class='ocr_line' id='line_1_32' title="bbox 240 3648 1170 3734; baseline 0.009 -25"><span class='ocrx_word' id='word_1_242' title='bbox 240 3659 309 3711; x_wconf 79' lang='lat'><strong>1382</strong></span> <span class='ocrx_word' id='word_1_243' title='bbox 325 3658 454 3708; x_wconf 85' lang='lat' dir='ltr'><strong>Wicliflhs</strong></span> <span class='ocrx_word' id='word_1_244' title='bbox 467 3673 495 3707; x_wconf 88' lang='lat' dir='ltr'><strong>se</strong></span> <span class='ocrx_word' id='word_1_245' title='bbox 508 3656 626 3708; x_wconf 86' lang='lat' dir='ltr'><strong>sistebat.</strong></span> <span class='ocrx_word' id='word_1_246' title='bbox 645 3656 703 3713; x_wconf 76' lang='lat' dir='ltr'><strong>Yid.</strong></span> <span class='ocrx_word' id='word_1_247' title='bbox 719 3675 812 3726; x_wconf 91' lang='lat' dir='ltr'><strong>supra,</strong></span> <span class='ocrx_word' id='word_1_248' title='bbox 830 3677 889 3726; x_wconf 70' lang='lat' dir='ltr'><strong>pag.</strong></span> <span class='ocrx_word' id='word_1_249' title='bbox 901 3648 1093 3732; x_wconf 70' lang='lat' dir='ltr'><strong>20hsepulcro</strong></span> <span class='ocrx_word' id='word_1_250' title='bbox 1110 3667 1170 3734; x_wconf 86' lang='lat' dir='ltr'><strong>ejus</strong></span> 
     </span>
     <span class='ocr_line' id='line_1_33' title="bbox 237 3741 1167 3809; baseline 0.009 -13"><span class='ocrx_word' id='word_1_251' title='bbox 237 3744 352 3797; x_wconf 83' lang='lat' dir='ltr'><strong>suffixum</strong></span> <span class='ocrx_word' id='word_1_252' title='bbox 369 3746 426 3793; x_wconf 89' lang='lat' dir='ltr'><strong>erat</strong></span> <span class='ocrx_word' id='word_1_253' title='bbox 441 3741 615 3807; x_wconf 85' lang='lat' dir='ltr'><strong>epitaphium,</strong></span> <span class='ocrx_word' id='word_1_254' title='bbox 631 3744 707 3808; x_wconf 69' lang='lat' dir='ltr'><strong>cujus</strong></span> <span class='ocrx_word' id='word_1_255' title='bbox 722 3743 800 3795; x_wconf 80' lang='lat' dir='ltr'><strong>uerba</strong></span> <span class='ocrx_word' id='word_1_256' title='bbox 815 3744 939 3809; x_wconf 85' lang='lat' dir='ltr'><strong>quaedam</strong></span> <span class='ocrx_word' id='word_1_257' title='bbox 954 3750 991 3801; x_wconf 88' lang='lat' dir='ltr'><strong>ita</strong></span> <span class='ocrx_word' id='word_1_258' title='bbox 1006 3767 1033 3802; x_wconf 94' lang='lat' dir='ltr'><strong>se</strong></span> <span class='ocrx_word' id='word_1_259' title='bbox 1049 3750 1167 3806; x_wconf 77' lang='lat' dir='ltr'><strong>habente</strong></span> 
     </span>
     <span class='ocr_line' id='line_1_34' title="bbox 383 3824 799 3890; baseline 0.012 -15"><span class='ocrx_word' id='word_1_260' title='bbox 383 3826 420 3876; x_wconf 78' lang='lat' dir='ltr'><strong>Et</strong></span> <span class='ocrx_word' id='word_1_261' title='bbox 435 3824 515 3890; x_wconf 62' lang='lat' dir='ltr'><strong>pugil</strong></span> <span class='ocrx_word' id='word_1_262' title='bbox 533 3824 689 3888; x_wconf 78' lang='lat' dir='ltr'><strong>Ecclesiae,</strong></span> <span class='ocrx_word' id='word_1_263' title='bbox 796 3874 799 3880; x_wconf 26' lang='lat'><em>4</em></span> 
     </span>
    </p>

    <p class='ocr_par' dir='ltr' id='par_1_4' title="bbox 268 3911 1161 4071">
     <span class='ocr_line' id='line_1_35' title="bbox 382 3911 946 3971; baseline 0.016 -11"><span class='ocrx_word' id='word_1_264' title='bbox 382 3911 506 3966; x_wconf 76' lang='lat' dir='ltr'><strong>Lollords&#39;</strong></span> <span class='ocrx_word' id='word_1_265' title='bbox 520 3926 609 3961; x_wconf 81' lang='lat' dir='ltr'><strong>meses</strong></span> <span class='ocrx_word' id='word_1_266' title='bbox 626 3913 768 3963; x_wconf 74' lang='lat' dir='ltr'><strong>desuescit</strong></span> <span class='ocrx_word' id='word_1_267' title='bbox 783 3915 946 3971; x_wconf 75' lang='lat' dir='ltr'><strong>deteriores.¹</strong></span> 
     </span>
     <span class='ocr_line' id='line_1_36' title="bbox 268 3975 1161 4071; baseline 0.015 -26"><span class='ocrx_word' id='word_1_268' title='bbox 268 3975 326 4048; x_wconf 58' lang='lat' dir='ltr'><strong>vtrlss</strong></span> <span class='ocrx_word' id='word_1_269' title='bbox 346 3994 399 4044; x_wconf 80' lang='lat' dir='ltr'><strong>uite</strong></span> <span class='ocrx_word' id='word_1_270' title='bbox 416 3993 520 4042; x_wconf 78' lang='lat' dir='ltr'><strong>henrici</strong></span> <span class='ocrx_word' id='word_1_271' title='bbox 536 3994 570 4044; x_wconf 83' lang='lat' dir='ltr'><strong>be</strong></span> <span class='ocrx_word' id='word_1_272' title='bbox 590 3995 716 4065; x_wconf 75' lang='lat' dir='ltr'><strong>spenser,</strong></span> <span class='ocrx_word' id='word_1_273' title='bbox 736 4001 843 4049; x_wconf 85' lang='lat' dir='ltr'><strong>auctore</strong></span> <span class='ocrx_word' id='word_1_274' title='bbox 859 4001 920 4053; x_wconf 84' lang='lat' dir='ltr'><strong>Joh.</strong></span> <span class='ocrx_word' id='word_1_275' title='bbox 940 4003 1097 4071; x_wconf 71' lang='lat' dir='ltr'><strong>Cupgrario,</strong></span> <span class='ocrx_word' id='word_1_276' title='bbox 1118 4008 1161 4058; x_wconf 76' lang='lat' dir='ltr'><strong>int</strong></span> 
     </span>
    </p>

    <p class='ocr_par' dir='ltr' id='par_1_5' title="bbox 237 4077 947 4148">
     <span class='ocr_line' id='line_1_37' title="bbox 237 4077 947 4148; baseline -0.006 -14"><span class='ocrx_word' id='word_1_277' title='bbox 237 4081 376 4134; x_wconf 87' lang='lat' dir='ltr'><strong>Whartoni</strong></span> <span class='ocrx_word' id='word_1_278' title='bbox 391 4077 470 4143; x_wconf 72' lang='lat' dir='ltr'><strong>daut.</strong></span> <span class='ocrx_word' id='word_1_279' title='bbox 493 4078 586 4130; x_wconf 75' lang='lat' dir='ltr'><strong>Sacro.</strong></span> <span class='ocrx_word' id='word_1_280' title='bbox 620 4080 681 4133; x_wconf 83' lang='lat' dir='ltr'><strong>Vol.</strong></span> <span class='ocrx_word' id='word_1_281' title='bbox 698 4080 735 4130; x_wconf 89' lang='lat'><strong>11.</strong></span> <span class='ocrx_word' id='word_1_282' title='bbox 750 4097 777 4148; x_wconf 88' lang='lat' dir='ltr'><strong>p.</strong></span> <span class='ocrx_word' id='word_1_283' title='bbox 797 4084 947 4139; x_wconf 70' lang='lat'><strong>369-361,</strong></span> 
     </span>
    </p>
   </div>
   <div class='ocr_carea' id='block_1_4' title="bbox 0 0 1298 4718">
    <p class='ocr_par' dir='ltr' id='par_1_6' title="bbox 0 0 1298 4718">
     <span class='ocr_line' id='line_1_38' title="bbox 0 0 1298 4718; baseline 0 5"><span class='ocrx_word' id='word_1_284' title='bbox 0 0 1298 4718; x_wconf 95' lang='lat' dir='ltr'><strong> </strong></span> 
     </span>
    </p>
   </div>
  </div>
 </body>
</html>
