<?xml version="1.0" encoding="UTF-8"?>
<!DOCTYPE html PUBLIC "-//W3C//DTD XHTML 1.0 Transitional//EN"
    "http://www.w3.org/TR/xhtml1/DTD/xhtml1-transitional.dtd">
<html xmlns="http://www.w3.org/1999/xhtml" xml:lang="en" lang="en">
 <head>
  <title>
</title>
<meta http-equiv="Content-Type" content="text/html;charset=utf-8" />
  <meta name='ocr-system' content='tesseract 3.04.00' />
  <meta name='ocr-capabilities' content='ocr_page ocr_carea ocr_par ocr_line ocrx_word'/>
</head>
<body>
  <div class='ocr_page' id='page_1' title='image "./diatribeinjohan00unkngoog_0129.png"; bbox 0 0 2586 4718; ppageno 0'>
   <div class='ocr_carea' id='block_1_1' title="bbox 634 277 696 344">
    <p class='ocr_par' dir='ltr' id='par_1_1' title="bbox 634 277 696 344">
     <span class='ocr_line' id='line_1_1' title="bbox 634 277 696 344; baseline 0 -1"><span class='ocrx_word' id='word_1_1' title='bbox 634 277 696 344; x_wconf 83' lang='lat'><strong><em>108</em></strong></span> 
     </span>
    </p>
   </div>
   <div class='ocr_carea' id='block_1_2' title="bbox 171 493 1158 829">
    <p class='ocr_par' dir='ltr' id='par_1_2' title="bbox 171 493 1158 829">
     <span class='ocr_line' id='line_1_2' title="bbox 218 493 1158 587; baseline 0.003 -25"><span class='ocrx_word' id='word_1_2' title='bbox 218 495 291 563; x_wconf 77' lang='lat' dir='ltr'><strong><em>Iler</em></strong></span> <span class='ocrx_word' id='word_1_3' title='bbox 308 497 491 574; x_wconf 78' lang='lat' dir='ltr'><strong><em>universis,</em></strong></span> <span class='ocrx_word' id='word_1_4' title='bbox 510 493 710 584; x_wconf 79' lang='lat' dir='ltr'><strong><em>adquorum</em></strong></span> <span class='ocrx_word' id='word_1_5' title='bbox 728 497 883 561; x_wconf 76' lang='lat' dir='ltr'><strong><em>notitiam</em></strong></span> <span class='ocrx_word' id='word_1_6' title='bbox 893 505 1089 587; x_wconf 71' lang='lat' dir='ltr'><strong><em>praesentes</em></strong></span> <span class='ocrx_word' id='word_1_7' title='bbox 1107 501 1158 566; x_wconf 87' lang='lat' dir='ltr'><strong><em>li·</em></strong></span> 
     </span>
     <span class='ocr_line' id='line_1_3' title="bbox 171 612 693 706; baseline -0.008 -23"><span class='ocrx_word' id='word_1_8' title='bbox 171 625 263 684; x_wconf 89' lang='lat' dir='ltr'><strong><em>terae</em></strong></span> <span class='ocrx_word' id='word_1_9' title='bbox 274 617 507 706; x_wconf 70' lang='lat' dir='ltr'><strong><em>pervenerint,</em></strong></span> <span class='ocrx_word' id='word_1_10' title='bbox 532 612 693 686; x_wconf 77' lang='lat' dir='ltr'><strong><em>Salutem.</em></strong></span> 
     </span>
     <span class='ocr_line' id='line_1_4' title="bbox 218 727 1158 829; baseline 0.003 -27"><span class='ocrx_word' id='word_1_11' title='bbox 218 736 365 820; x_wconf 72' lang='lat' dir='ltr'><strong><em>Sciatis,</em></strong></span> <span class='ocrx_word' id='word_1_12' title='bbox 385 736 473 827; x_wconf 85' lang='lat' dir='ltr'><strong><em>quod</em></strong></span> <span class='ocrx_word' id='word_1_13' title='bbox 490 759 565 818; x_wconf 83' lang='lat' dir='ltr'><strong><em>nos,</em></strong></span> <span class='ocrx_word' id='word_1_14' title='bbox 589 727 1158 829; x_wconf 81' lang='lat' dir='ltr'><strong><em>defidelitateetcircumspectione</em></strong></span> 
     </span>
    </p>
   </div>
   <div class='ocr_carea' id='block_1_3' title="bbox 171 849 1265 944">
    <p class='ocr_par' dir='ltr' id='par_1_3' title="bbox 171 849 1265 944">
     <span class='ocr_line' id='line_1_5' title="bbox 171 849 1265 944; baseline -0.006 -27"><span class='ocrx_word' id='word_1_15' title='bbox 171 851 368 917; x_wconf 80' lang='lat' dir='ltr'><strong><em>venerabilis</em></strong></span> <span class='ocrx_word' id='word_1_16' title='bbox 382 850 505 917; x_wconf 87' lang='lat' dir='ltr'><strong><em>Patris</em></strong></span> <span class='ocrx_word' id='word_1_17' title='bbox 514 849 700 932; x_wconf 62' lang='lat' dir='ltr'><strong><em>Jolcarmis3</em></strong></span> <span class='ocrx_word' id='word_1_18' title='bbox 711 849 880 940; x_wconf 72' lang='lat' dir='ltr'><strong><em>Episcopi</em></strong></span> <span class='ocrx_word' id='word_1_19' title='bbox 888 849 1140 944; x_wconf 83' lang='lat' dir='ltr'><strong><em>Bamgoriensis</em></strong></span> <span class='ocrx_word' id='word_1_20' title='bbox 1148 903 1160 937; x_wconf 88' lang='lat'><strong>,</strong></span> <span class='ocrx_word' id='word_1_21' title='bbox 1174 937 1177 941; x_wconf 16' lang='grc' dir='ltr'><em>ι</em></span> <span class='ocrx_word' id='word_1_22' title='bbox 1259 902 1265 910; x_wconf 95' lang='grc'><em>.</em></span> 
     </span>
    </p>
   </div>
   <div class='ocr_carea' id='block_1_4' title="bbox 171 954 1262 2266">
    <p class='ocr_par' dir='ltr' id='par_1_4' title="bbox 171 954 1262 2266">
     <span class='ocr_line' id='line_1_6' title="bbox 172 954 1248 1064; baseline 0 -25"><span class='ocrx_word' id='word_1_23' title='bbox 172 954 373 1060; x_wconf 80' lang='lat' dir='ltr'><strong><em>acfidelium</em></strong></span> <span class='ocrx_word' id='word_1_24' title='bbox 383 978 587 1051; x_wconf 82' lang='lat' dir='ltr'><strong><em>nostrorum,</em></strong></span> <span class='ocrx_word' id='word_1_25' title='bbox 597 973 759 1061; x_wconf 76' lang='lat' dir='ltr'><strong><em>magistri</em></strong></span> <span class='ocrx_word' id='word_1_26' title='bbox 766 970 935 1038; x_wconf 75' lang='lat' dir='ltr'><strong><em>lobannis</em></strong></span> <span class='ocrx_word' id='word_1_27' title='bbox 949 972 990 1038; x_wconf 82' lang='lat' dir='ltr'><strong><em>cle</em></strong></span> <span class='ocrx_word' id='word_1_28' title='bbox 1004 972 1064 1040; x_wconf 89' lang='lat' dir='ltr'><em>W</em></span> <span class='ocrx_word' id='word_1_29' title='bbox 1058 975 1148 1064; x_wconf 83' lang='lat' dir='ltr'><strong><em>iclcf</em></strong></span> <span class='ocrx_word' id='word_1_30' title='bbox 1146 1023 1159 1057; x_wconf 85' lang='lat'><em>,</em></span> <span class='ocrx_word' id='word_1_31' title='bbox 1243 1012 1248 1019; x_wconf 90' lang='lat'>·</span> 
     </span>
     <span class='ocr_line' id='line_1_7' title="bbox 171 1083 1161 1176; baseline 0.003 -26"><span class='ocrx_word' id='word_1_32' title='bbox 171 1107 292 1150; x_wconf 89' lang='lat' dir='ltr'><strong><em>sacrae</em></strong></span> <span class='ocrx_word' id='word_1_33' title='bbox 323 1083 507 1174; x_wconf 77' lang='lat' dir='ltr'><strong><em>theologiae</em></strong></span> <span class='ocrx_word' id='word_1_34' title='bbox 532 1085 629 1176; x_wconf 88' lang='lat' dir='ltr'><strong><em>pros.</em></strong></span> <span class='ocrx_word' id='word_1_35' title='bbox 641 1130 652 1165; x_wconf 90' lang='lat'><strong>,</strong></span> <span class='ocrx_word' id='word_1_36' title='bbox 684 1086 847 1175; x_wconf 73' lang='lat' dir='ltr'><strong><em>magistri</em></strong></span> <span class='ocrx_word' id='word_1_37' title='bbox 876 1084 1046 1152; x_wconf 78' lang='lat' dir='ltr'><strong><em>Jolsannis</em></strong></span> <span class='ocrx_word' id='word_1_38' title='bbox 1080 1085 1161 1153; x_wconf 73' lang='lat' dir='ltr'><strong><em>Ga-</em></strong></span> 
     </span>
     <span class='ocr_line' id='line_1_8' title="bbox 173 1202 1160 1296; baseline 0.003 -27"><span class='ocrx_word' id='word_1_39' title='bbox 173 1207 257 1284; x_wconf 90' lang='lat' dir='ltr'><strong><em>teri,</em></strong></span> <span class='ocrx_word' id='word_1_40' title='bbox 277 1204 395 1270; x_wconf 83' lang='lat' dir='ltr'><strong><em>decani</em></strong></span> <span class='ocrx_word' id='word_1_41' title='bbox 416 1202 642 1295; x_wconf 79' lang='lat' dir='ltr'><strong><em>Segobiensis‚</em></strong></span> <span class='ocrx_word' id='word_1_42' title='bbox 662 1208 823 1296; x_wconf 81' lang='lat' dir='ltr'><strong><em>magistri</em></strong></span> <span class='ocrx_word' id='word_1_43' title='bbox 837 1203 987 1272; x_wconf 85' lang='lat' dir='ltr'><strong><em>Simonis</em></strong></span> <span class='ocrx_word' id='word_1_44' title='bbox 1001 1208 1043 1275; x_wconf 86' lang='lat' dir='ltr'><strong><em>sle</em></strong></span> <span class='ocrx_word' id='word_1_45' title='bbox 1059 1205 1160 1272; x_wconf 82' lang='lat' dir='ltr'><strong><em>Mul-</em></strong></span> 
     </span>
     <span class='ocr_line' id='line_1_9' title="bbox 173 1324 1161 1417; baseline 0 -25"><span class='ocrx_word' id='word_1_46' title='bbox 173 1336 247 1408; x_wconf 85' lang='lat' dir='ltr'><strong><em>ton,</em></strong></span> <span class='ocrx_word' id='word_1_47' title='bbox 272 1329 379 1417; x_wconf 82' lang='lat' dir='ltr'><strong><em>legum</em></strong></span> <span class='ocrx_word' id='word_1_48' title='bbox 394 1326 565 1406; x_wconf 73' lang='lat' dir='ltr'><strong><em>doctoris,</em></strong></span> <span class='ocrx_word' id='word_1_49' title='bbox 586 1324 644 1392; x_wconf 86' lang='lat' dir='ltr'><em>W</em></span> <span class='ocrx_word' id='word_1_50' title='bbox 640 1327 761 1391; x_wconf 90' lang='lat' dir='ltr'><strong><em>illelmi</em></strong></span> <span class='ocrx_word' id='word_1_51' title='bbox 774 1326 816 1391; x_wconf 81' lang='lat' dir='ltr'><strong><em>de</em></strong></span> <span class='ocrx_word' id='word_1_52' title='bbox 831 1325 982 1407; x_wconf 78' lang='lat' dir='ltr'><strong><em>Borion,</em></strong></span> <span class='ocrx_word' id='word_1_53' title='bbox 1001 1325 1161 1408; x_wconf 88' lang='lat' dir='ltr'><strong><em>Militis,</em></strong></span> 
     </span>
     <span class='ocr_line' id='line_1_10' title="bbox 174 1430 1262 1539; baseline 0.002 -26"><span class='ocrx_word' id='word_1_54' title='bbox 174 1446 524 1537; x_wconf 78' lang='lat' dir='ltr'><strong><em>Roberti¹Beallsnap,</em></strong></span> <span class='ocrx_word' id='word_1_55' title='bbox 544 1455 575 1512; x_wconf 88' lang='lat' dir='ltr'><strong><em>et</em></strong></span> <span class='ocrx_word' id='word_1_56' title='bbox 593 1446 762 1514; x_wconf 77' lang='lat' dir='ltr'><strong><em>Jolcamsis</em></strong></span> <span class='ocrx_word' id='word_1_57' title='bbox 779 1448 822 1514; x_wconf 81' lang='lat' dir='ltr'><strong><em>de</em></strong></span> <span class='ocrx_word' id='word_1_58' title='bbox 839 1447 1060 1539; x_wconf 76' lang='lat' dir='ltr'><strong><em>Kenymgtom,</em></strong></span> <span class='ocrx_word' id='word_1_59' title='bbox 1073 1451 1162 1539; x_wconf 90' lang='lat' dir='ltr'><strong><em>ple-</em></strong></span> <span class='ocrx_word' id='word_1_60' title='bbox 1246 1430 1262 1437; x_wconf 47' lang='grc'><strong><em>’</em></strong></span> 
     </span>
     <span class='ocr_line' id='line_1_11' title="bbox 174 1568 1162 1661; baseline 0.002 -26"><span class='ocrx_word' id='word_1_61' title='bbox 174 1592 251 1635; x_wconf 81' lang='lat' dir='ltr'><strong><em>nam</em></strong></span> <span class='ocrx_word' id='word_1_62' title='bbox 267 1568 436 1656; x_wconf 82' lang='lat' dir='ltr'><strong><em>fiduciam</em></strong></span> <span class='ocrx_word' id='word_1_63' title='bbox 464 1577 695 1659; x_wconf 52' lang='lat' dir='ltr'><strong><em>manantes,</em></strong></span> <span class='ocrx_word' id='word_1_64' title='bbox 723 1572 814 1661; x_wconf 80' lang='lat' dir='ltr'><strong><em>ipsos</em></strong></span> <span class='ocrx_word' id='word_1_65' title='bbox 837 1568 1019 1659; x_wconf 84' lang='lat' dir='ltr'><strong><em>adportes</em></strong></span> <span class='ocrx_word' id='word_1_66' title='bbox 1037 1578 1162 1655; x_wconf 82' lang='lat' dir='ltr'><strong><em>trams-</em></strong></span> 
     </span>
     <span class='ocr_line' id='line_1_12' title="bbox 173 1684 1161 1770; baseline 0.003 -15"><span class='ocrx_word' id='word_1_67' title='bbox 173 1694 327 1756; x_wconf 85' lang='lat' dir='ltr'><strong><em>marimas</em></strong></span> <span class='ocrx_word' id='word_1_68' title='bbox 358 1684 636 1770; x_wconf 82' lang='lat' dir='ltr'><strong><em>Amlassatores,</em></strong></span> <span class='ocrx_word' id='word_1_69' title='bbox 669 1689 816 1756; x_wconf 83' lang='lat' dir='ltr'><strong><em>Nuncics</em></strong></span> <span class='ocrx_word' id='word_1_70' title='bbox 849 1697 881 1754; x_wconf 93' lang='lat' dir='ltr'><strong><em>et</em></strong></span> <span class='ocrx_word' id='word_1_71' title='bbox 911 1689 1161 1758; x_wconf 79' lang='lat' dir='ltr'><strong><em>Procuratores</em></strong></span> 
     </span>
     <span class='ocr_line' id='line_1_13' title="bbox 176 1809 1164 1900; baseline 0.003 -25"><span class='ocrx_word' id='word_1_72' title='bbox 176 1819 309 1877; x_wconf 84' lang='lat' dir='ltr'><strong><em>nostros</em></strong></span> <span class='ocrx_word' id='word_1_73' title='bbox 326 1811 489 1900; x_wconf 73' lang='lat' dir='ltr'><strong><em>speciales</em></strong></span> <span class='ocrx_word' id='word_1_74' title='bbox 506 1809 709 1876; x_wconf 79' lang='lat' dir='ltr'><strong><em>destinamus</em></strong></span> <span class='ocrx_word' id='word_1_75' title='bbox 716 1834 729 1891; x_wconf 92' lang='lat'><em>;</em></span> <span class='ocrx_word' id='word_1_76' title='bbox 750 1811 867 1877; x_wconf 84' lang='lat' dir='ltr'><strong><em>dantes</em></strong></span> <span class='ocrx_word' id='word_1_77' title='bbox 882 1810 1003 1876; x_wconf 79' lang='lat' dir='ltr'><strong><em>eisdem</em></strong></span> <span class='ocrx_word' id='word_1_78' title='bbox 1018 1809 1164 1878; x_wconf 72' lang='lat' dir='ltr'><strong><em>Ambas-</em></strong></span> 
     </span>
     <span class='ocr_line' id='line_1_14' title="bbox 176 1918 1159 2022; baseline 0 -24"><span class='ocrx_word' id='word_1_79' title='bbox 176 1933 365 2012; x_wconf 84' lang='lat' dir='ltr'><strong><em>satoribus,</em></strong></span> <span class='ocrx_word' id='word_1_80' title='bbox 384 1929 526 1998; x_wconf 79' lang='lat' dir='ltr'><strong><em>Nunciis</em></strong></span> <span class='ocrx_word' id='word_1_81' title='bbox 545 1940 576 1997; x_wconf 87' lang='lat' dir='ltr'><strong><em>et</em></strong></span> <span class='ocrx_word' id='word_1_82' title='bbox 591 1932 872 1999; x_wconf 69' lang='lat' dir='ltr'><strong><em>Procuratorsbms</em></strong></span> <span class='ocrx_word' id='word_1_83' title='bbox 882 1980 892 2011; x_wconf 92' lang='lat'>‚</span> <span class='ocrx_word' id='word_1_84' title='bbox 912 1954 972 1996; x_wconf 81' lang='lat' dir='ltr'><strong><em>sex</em></strong></span> <span class='ocrx_word' id='word_1_85' title='bbox 991 1934 1044 1997; x_wconf 86' lang='lat' dir='ltr'><strong><em>oel</em></strong></span> <span class='ocrx_word' id='word_1_86' title='bbox 1062 1918 1159 2022; x_wconf 76' lang='lat' dir='ltr'><strong><em>qairr-</em></strong></span> 
     </span>
     <span class='ocr_line' id='line_1_15' title="bbox 178 2051 1160 2144; baseline 0.003 -27"><span class='ocrx_word' id='word_1_87' title='bbox 178 2076 239 2142; x_wconf 85' lang='lat' dir='ltr'><strong><em>que</em></strong></span> <span class='ocrx_word' id='word_1_88' title='bbox 253 2074 381 2131; x_wconf 83' lang='lat' dir='ltr'><strong><em>eorum,</em></strong></span> <span class='ocrx_word' id='word_1_89' title='bbox 399 2051 549 2140; x_wconf 83' lang='lat' dir='ltr'><strong><em>(quorum</em></strong></span> <span class='ocrx_word' id='word_1_90' title='bbox 557 2055 753 2144; x_wconf 81' lang='lat' dir='ltr'><strong><em>praefatum</em></strong></span> <span class='ocrx_word' id='word_1_91' title='bbox 763 2052 969 2144; x_wconf 77' lang='lat' dir='ltr'><strong><em>Episcopum</em></strong></span> <span class='ocrx_word' id='word_1_92' title='bbox 978 2074 1076 2117; x_wconf 80' lang='lat' dir='ltr'><strong><em>arium</em></strong></span> <span class='ocrx_word' id='word_1_93' title='bbox 1085 2075 1160 2120; x_wconf 89' lang='lat' dir='ltr'><strong><em>esse</em></strong></span> 
     </span>
     <span class='ocr_line' id='line_1_16' title="bbox 177 2170 1159 2266; baseline 0.001 -29"><span class='ocrx_word' id='word_1_94' title='bbox 177 2170 350 2266; x_wconf 75' lang='lat' dir='ltr'><strong><em>colamus),</em></strong></span> <span class='ocrx_word' id='word_1_95' title='bbox 373 2175 617 2255; x_wconf 81' lang='lat' dir='ltr'><strong><em>auctoritatem,</em></strong></span> <span class='ocrx_word' id='word_1_96' title='bbox 636 2182 668 2240; x_wconf 92' lang='lat' dir='ltr'><strong><em>et</em></strong></span> <span class='ocrx_word' id='word_1_97' title='bbox 677 2182 875 2265; x_wconf 87' lang='lat' dir='ltr'><strong><em>potestatem</em></strong></span> <span class='ocrx_word' id='word_1_98' title='bbox 884 2222 893 2252; x_wconf 94' lang='lat'><strong><em>,</em></strong></span> <span class='ocrx_word' id='word_1_99' title='bbox 909 2197 950 2238; x_wconf 93' lang='lat' dir='ltr'><strong><em>ac</em></strong></span> <span class='ocrx_word' id='word_1_100' title='bbox 964 2173 1159 2238; x_wconf 82' lang='lat' dir='ltr'><strong><em>mandalum</em></strong></span> 
     </span>
    </p>
   </div>
   <div class='ocr_carea' id='block_1_5' title="bbox 44 2292 1160 2386">
    <p class='ocr_par' dir='ltr' id='par_1_5' title="bbox 44 2292 1160 2386">
     <span class='ocr_line' id='line_1_17' title="bbox 44 2292 1160 2386; baseline 0 -28"><span class='ocrx_word' id='word_1_101' title='bbox 44 2292 47 2297; x_wconf 80' lang='grc'><strong>’</strong></span> <span class='ocrx_word' id='word_1_102' title='bbox 120 2383 123 2385; x_wconf 10' lang='grc' dir='ltr'><strong>Α</strong></span> <span class='ocrx_word' id='word_1_103' title='bbox 177 2295 336 2383; x_wconf 77' lang='lat' dir='ltr'><strong><em>speciale.</em></strong></span> <span class='ocrx_word' id='word_1_104' title='bbox 349 2293 525 2358; x_wconf 84' lang='lat' dir='ltr'><strong><em>tractandi</em></strong></span> <span class='ocrx_word' id='word_1_105' title='bbox 545 2302 577 2360; x_wconf 88' lang='lat' dir='ltr'><strong><em>el</em></strong></span> <span class='ocrx_word' id='word_1_106' title='bbox 604 2297 740 2386; x_wconf 61' lang='lat' dir='ltr'><strong><em>benigne</em></strong></span> <span class='ocrx_word' id='word_1_107' title='bbox 768 2317 809 2360; x_wconf 93' lang='lat' dir='ltr'><strong><em>ac</em></strong></span> <span class='ocrx_word' id='word_1_108' title='bbox 839 2297 1020 2359; x_wconf 78' lang='lat' dir='ltr'><strong><em>caritative</em></strong></span> <span class='ocrx_word' id='word_1_109' title='bbox 1038 2316 1160 2364; x_wconf 81' lang='lat' dir='ltr'><strong><em>consu-</em></strong></span> 
     </span>
    </p>
   </div>
   <div class='ocr_carea' id='block_1_6' title="bbox 78 2412 1164 3726">
    <p class='ocr_par' dir='ltr' id='par_1_6' title="bbox 78 2412 1164 3726">
     <span class='ocr_line' id='line_1_18' title="bbox 179 2412 1164 2483; baseline 0.001 -3"><span class='ocrx_word' id='word_1_110' title='bbox 179 2415 272 2480; x_wconf 86' lang='lat' dir='ltr'><strong><em>lendi</em></strong></span> <span class='ocrx_word' id='word_1_111' title='bbox 288 2437 359 2480; x_wconf 88' lang='lat' dir='ltr'><strong><em>eum</em></strong></span> <span class='ocrx_word' id='word_1_112' title='bbox 378 2412 521 2481; x_wconf 78' lang='lat' dir='ltr'><strong><em>Nicoclis</em></strong></span> <span class='ocrx_word' id='word_1_113' title='bbox 541 2427 572 2482; x_wconf 88' lang='lat' dir='ltr'><strong><em>et</em></strong></span> <span class='ocrx_word' id='word_1_114' title='bbox 589 2415 881 2483; x_wconf 81' lang='lat' dir='ltr'><strong><em>Amlassatorilus</em></strong></span> <span class='ocrx_word' id='word_1_115' title='bbox 899 2415 1028 2480; x_wconf 85' lang='lat' dir='ltr'><strong><em>domimi</em></strong></span> <span class='ocrx_word' id='word_1_116' title='bbox 1042 2419 1164 2481; x_wconf 85' lang='lat' dir='ltr'><strong><em>summi</em></strong></span> 
     </span>
     <span class='ocr_line' id='line_1_19' title="bbox 179 2525 1159 2629; baseline -0.002 -25"><span class='ocrx_word' id='word_1_117' title='bbox 179 2536 355 2625; x_wconf 78' lang='lat' dir='ltr'><strong><em>Pontifices</em></strong></span> <span class='ocrx_word' id='word_1_118' title='bbox 366 2584 377 2617; x_wconf 87' lang='lat'>,</span> <span class='ocrx_word' id='word_1_119' title='bbox 403 2559 501 2627; x_wconf 85' lang='lat' dir='ltr'><strong><em>super</em></strong></span> <span class='ocrx_word' id='word_1_120' title='bbox 525 2540 628 2604; x_wconf 90' lang='lat' dir='ltr'><strong><em>certis</em></strong></span> <span class='ocrx_word' id='word_1_121' title='bbox 653 2525 796 2628; x_wconf 78' lang='lat' dir='ltr'><strong><em>regotiis</em></strong></span> <span class='ocrx_word' id='word_1_122' title='bbox 807 2587 817 2619; x_wconf 92' lang='lat'><em>‚</em></span> <span class='ocrx_word' id='word_1_123' title='bbox 829 2561 901 2629; x_wconf 90' lang='lat' dir='ltr'><strong><em>pro</em></strong></span> <span class='ocrx_word' id='word_1_124' title='bbox 920 2539 1035 2628; x_wconf 82' lang='lat' dir='ltr'><strong><em>quibos</em></strong></span> <span class='ocrx_word' id='word_1_125' title='bbox 1046 2559 1159 2628; x_wconf 88' lang='lat' dir='ltr'><strong><em>prae-</em></strong></span> 
     </span>
     <span class='ocr_line' id='line_1_20' title="bbox 169 2657 1159 2751; baseline -0.001 -26"><span class='ocrx_word' id='word_1_126' title='bbox 169 2661 269 2748; x_wconf 91' lang='lat' dir='ltr'><strong><em>fatos</em></strong></span> <span class='ocrx_word' id='word_1_127' title='bbox 293 2658 496 2749; x_wconf 76' lang='lat' dir='ltr'><strong><em>Ilpiscspum</em></strong></span> <span class='ocrx_word' id='word_1_128' title='bbox 516 2670 547 2725; x_wconf 87' lang='lat' dir='ltr'><strong><em>et</em></strong></span> <span class='ocrx_word' id='word_1_129' title='bbox 566 2658 780 2726; x_wconf 82' lang='lat' dir='ltr'><strong><em>Willelmum</em></strong></span> <span class='ocrx_word' id='word_1_130' title='bbox 791 2709 802 2741; x_wconf 91' lang='lat'>,</span> <span class='ocrx_word' id='word_1_131' title='bbox 832 2662 1035 2749; x_wconf 87' lang='lat' dir='ltr'><strong><em>acfratrem</em></strong></span> <span class='ocrx_word' id='word_1_132' title='bbox 1064 2657 1159 2751; x_wconf 82' lang='lat' dir='ltr'><strong><em>Uglc·</em></strong></span> 
     </span>
     <span class='ocr_line' id='line_1_21' title="bbox 181 2780 1160 2873; baseline 0 -27"><span class='ocrx_word' id='word_1_133' title='bbox 181 2780 330 2860; x_wconf 81' lang='lat' dir='ltr'><strong><em>trecium,</em></strong></span> <span class='ocrx_word' id='word_1_134' title='bbox 350 2783 539 2848; x_wconf 79' lang='lat' dir='ltr'><strong><em>monachum</em></strong></span> <span class='ocrx_word' id='word_1_135' title='bbox 566 2780 864 2862; x_wconf 66' lang='lat' dir='ltr'><strong><em>Ilumolmensew,</em></strong></span> <span class='ocrx_word' id='word_1_136' title='bbox 902 2790 934 2846; x_wconf 90' lang='lat' dir='ltr'><strong><em>et</em></strong></span> <span class='ocrx_word' id='word_1_137' title='bbox 957 2783 1160 2873; x_wconf 82' lang='lat' dir='ltr'><strong><em>magistrum</em></strong></span> 
     </span>
     <span class='ocr_line' id='line_1_22' title="bbox 181 2901 1160 2995; baseline -0.003 -25"><span class='ocrx_word' id='word_1_138' title='bbox 181 2901 364 2970; x_wconf 75' lang='lat' dir='ltr'><strong><em>Iohannem</em></strong></span> <span class='ocrx_word' id='word_1_139' title='bbox 377 2902 419 2967; x_wconf 81' lang='lat' dir='ltr'><strong><em>de</em></strong></span> <span class='ocrx_word' id='word_1_140' title='bbox 439 2901 603 2995; x_wconf 64' lang='lat' dir='ltr'><strong><em>Shepeye,</em></strong></span> <span class='ocrx_word' id='word_1_141' title='bbox 622 2901 672 2966; x_wconf 85' lang='lat' dir='ltr'><strong><em>od</em></strong></span> <span class='ocrx_word' id='word_1_142' title='bbox 687 2901 795 2966; x_wconf 86' lang='lat' dir='ltr'><strong><em>sedem</em></strong></span> <span class='ocrx_word' id='word_1_143' title='bbox 805 2901 1035 2995; x_wconf 76' lang='lat' dir='ltr'><strong><em>Apostoliccm</em></strong></span> <span class='ocrx_word' id='word_1_144' title='bbox 1053 2922 1160 2991; x_wconf 80' lang='lat' dir='ltr'><strong><em>cuper</em></strong></span> 
     </span>
     <span class='ocr_line' id='line_1_23' title="bbox 182 3022 1161 3114; baseline 0 -26"><span class='ocrx_word' id='word_1_145' title='bbox 182 3025 377 3088; x_wconf 86' lang='lat' dir='ltr'><strong><em>miseramus</em></strong></span> <span class='ocrx_word' id='word_1_146' title='bbox 385 3045 397 3103; x_wconf 88' lang='grc'><strong><em>,·</em></strong></span> <span class='ocrx_word' id='word_1_147' title='bbox 413 3034 444 3089; x_wconf 87' lang='lat' dir='ltr'><strong><em>et</em></strong></span> <span class='ocrx_word' id='word_1_148' title='bbox 458 3025 652 3088; x_wconf 85' lang='lat' dir='ltr'><strong><em>relationem</em></strong></span> <span class='ocrx_word' id='word_1_149' title='bbox 659 3023 855 3112; x_wconf 85' lang='lat' dir='ltr'><strong><em>plenariam</em></strong></span> <span class='ocrx_word' id='word_1_150' title='bbox 871 3044 972 3114; x_wconf 82' lang='lat' dir='ltr'><strong><em>super</em></strong></span> <span class='ocrx_word' id='word_1_151' title='bbox 990 3022 1045 3086; x_wconf 84' lang='lat' dir='ltr'><strong><em>lis</em></strong></span> <span class='ocrx_word' id='word_1_152' title='bbox 1054 3071 1063 3102; x_wconf 90' lang='lat'><strong><em>,</em></strong></span> <span class='ocrx_word' id='word_1_153' title='bbox 1075 3044 1161 3112; x_wconf 79' lang='lat' dir='ltr'><strong><em>quae</em></strong></span> 
     </span>
     <span class='ocr_line' id='line_1_24' title="bbox 183 3143 1162 3234; baseline -0.003 -25"><span class='ocrx_word' id='word_1_154' title='bbox 183 3149 271 3210; x_wconf 79' lang='lat' dir='ltr'><strong><em>inter</em></strong></span> <span class='ocrx_word' id='word_1_155' title='bbox 288 3168 341 3210; x_wconf 90' lang='lat' dir='ltr'><strong><em>eos</em></strong></span> <span class='ocrx_word' id='word_1_156' title='bbox 359 3152 509 3212; x_wconf 89' lang='lat' dir='ltr'><strong><em>tractata</em></strong></span> <span class='ocrx_word' id='word_1_157' title='bbox 533 3151 565 3208; x_wconf 92' lang='lat' dir='ltr'><strong><em>et</em></strong></span> <span class='ocrx_word' id='word_1_158' title='bbox 589 3145 739 3210; x_wconf 81' lang='lat' dir='ltr'><strong><em>consulta</em></strong></span> <span class='ocrx_word' id='word_1_159' title='bbox 747 3147 904 3234; x_wconf 84' lang='lat' dir='ltr'><strong><em>fuerint,</em></strong></span> <span class='ocrx_word' id='word_1_160' title='bbox 925 3143 1019 3208; x_wconf 83' lang='lat' dir='ltr'><strong><em>nolis</em></strong></span> <span class='ocrx_word' id='word_1_161' title='bbox 1036 3151 1068 3208; x_wconf 93' lang='lat' dir='ltr'><strong><em>et</em></strong></span> <span class='ocrx_word' id='word_1_162' title='bbox 1087 3163 1162 3208; x_wconf 81' lang='lat' dir='ltr'><strong><em>cors·</em></strong></span> 
     </span>
     <span class='ocr_line' id='line_1_25' title="bbox 84 3263 1160 3355; baseline -0.004 -22"><span class='ocrx_word' id='word_1_163' title='bbox 84 3338 87 3343; x_wconf 51' lang='grc'><strong><em>,</em></strong></span> <span class='ocrx_word' id='word_1_164' title='bbox 183 3268 265 3333; x_wconf 91' lang='lat' dir='ltr'><strong><em>cilio</em></strong></span> <span class='ocrx_word' id='word_1_165' title='bbox 290 3273 405 3332; x_wconf 82' lang='lat' dir='ltr'><strong><em>nostro</em></strong></span> <span class='ocrx_word' id='word_1_166' title='bbox 418 3263 599 3354; x_wconf 81' lang='lat' dir='ltr'><strong><em>faciendi:</em></strong></span> <span class='ocrx_word' id='word_1_167' title='bbox 618 3275 655 3335; x_wconf 80' lang='lat' dir='ltr'><strong><em>at</em></strong></span> <span class='ocrx_word' id='word_1_168' title='bbox 673 3287 729 3346; x_wconf 91' lang='lat' dir='ltr'><strong><em>ec,</em></strong></span> <span class='ocrx_word' id='word_1_169' title='bbox 749 3274 833 3355; x_wconf 83' lang='lat' dir='ltr'><strong><em>quae</em></strong></span> <span class='ocrx_word' id='word_1_170' title='bbox 853 3265 1005 3330; x_wconf 78' lang='lat' dir='ltr'><strong><em>honorem</em></strong></span> <span class='ocrx_word' id='word_1_171' title='bbox 1023 3272 1160 3331; x_wconf 78' lang='lat' dir='ltr'><strong><em>sanctae</em></strong></span> 
     </span>
     <span class='ocr_line' id='line_1_26' title="bbox 78 3376 1159 3471; baseline -0.006 -16"><span class='ocrx_word' id='word_1_172' title='bbox 78 3392 81 3399; x_wconf 83' lang='lat'>&#39;</span> <span class='ocrx_word' id='word_1_173' title='bbox 120 3376 124 3391; x_wconf 64' lang='grc'><em>’</em></span> <span class='ocrx_word' id='word_1_174' title='bbox 183 3389 360 3455; x_wconf 76' lang='lat' dir='ltr'><strong><em>Ecclesiae</em></strong></span> <span class='ocrx_word' id='word_1_175' title='bbox 382 3395 414 3451; x_wconf 92' lang='lat' dir='ltr'><strong><em>et</em></strong></span> <span class='ocrx_word' id='word_1_176' title='bbox 432 3391 707 3453; x_wconf 81' lang='lat' dir='ltr'><strong><em>conservationem</em></strong></span> <span class='ocrx_word' id='word_1_177' title='bbox 716 3385 850 3471; x_wconf 80' lang='lat' dir='ltr'><strong><em>jurium</em></strong></span> <span class='ocrx_word' id='word_1_178' title='bbox 868 3407 1008 3450; x_wconf 82' lang='lat' dir='ltr'><strong><em>coronae</em></strong></span> <span class='ocrx_word' id='word_1_179' title='bbox 1024 3393 1159 3451; x_wconf 87' lang='lat' dir='ltr'><strong><em>nostroe</em></strong></span> 
     </span>
     <span class='ocr_line' id='line_1_27' title="bbox 178 3506 1163 3600; baseline -0.008 -22"><span class='ocrx_word' id='word_1_180' title='bbox 178 3519 216 3579; x_wconf 82' lang='lat' dir='ltr'><strong><em>et</em></strong></span> <span class='ocrx_word' id='word_1_181' title='bbox 243 3513 342 3600; x_wconf 81' lang='lat' dir='ltr'><strong><em>regni</em></strong></span> <span class='ocrx_word' id='word_1_182' title='bbox 363 3511 474 3572; x_wconf 82' lang='lat' dir='ltr'><strong><em>nostri</em></strong></span> <span class='ocrx_word' id='word_1_183' title='bbox 492 3507 640 3598; x_wconf 82' lang='lat' dir='ltr'><strong><em>Anglice</em></strong></span> <span class='ocrx_word' id='word_1_184' title='bbox 658 3513 851 3573; x_wconf 80' lang='lat' dir='ltr'><strong><em>comcerrcere</em></strong></span> <span class='ocrx_word' id='word_1_185' title='bbox 863 3511 1046 3595; x_wconf 81' lang='lat' dir='ltr'><strong><em>poterunt,</em></strong></span> <span class='ocrx_word' id='word_1_186' title='bbox 1064 3508 1101 3571; x_wconf 86' lang='lat' dir='ltr'><strong><em>in</em></strong></span> <span class='ocrx_word' id='word_1_187' title='bbox 1119 3506 1163 3570; x_wconf 70' lang='lat' dir='ltr'><strong><em>eci</em></strong></span> 
     </span>
     <span class='ocr_line' id='line_1_28' title="bbox 177 3624 1159 3726; baseline -0.006 -30"><span class='ocrx_word' id='word_1_188' title='bbox 177 3640 299 3726; x_wconf 90' lang='lat' dir='ltr'><strong><em>parte,</em></strong></span> <span class='ocrx_word' id='word_1_189' title='bbox 319 3631 444 3694; x_wconf 78' lang='lat' dir='ltr'><strong><em>intuitu</em></strong></span> <span class='ocrx_word' id='word_1_190' title='bbox 461 3627 528 3694; x_wconf 89' lang='lat' dir='ltr'><strong><em>Ilei</em></strong></span> <span class='ocrx_word' id='word_1_191' title='bbox 540 3636 570 3693; x_wconf 90' lang='lat' dir='ltr'><strong><em>et</em></strong></span> <span class='ocrx_word' id='word_1_192' title='bbox 585 3636 721 3694; x_wconf 84' lang='lat' dir='ltr'><strong><em>sanctae</em></strong></span> <span class='ocrx_word' id='word_1_193' title='bbox 735 3627 825 3692; x_wconf 82' lang='lat' dir='ltr'><strong><em>seclis</em></strong></span> <span class='ocrx_word' id='word_1_194' title='bbox 839 3624 1159 3716; x_wconf 79' lang='lat' dir='ltr'><strong><em>Apostolicae,feli·</em></strong></span> 
     </span>
    </p>
   </div>
   <div class='ocr_carea' id='block_1_7' title="bbox 71 3747 1158 3840">
    <p class='ocr_par' dir='ltr' id='par_1_7' title="bbox 71 3747 1158 3840">
     <span class='ocr_line' id='line_1_29' title="bbox 71 3747 1158 3840; baseline -0.011 -19"><span class='ocrx_word' id='word_1_195' title='bbox 71 3790 75 3801; x_wconf 90' lang='lat'><strong>·</strong></span> <span class='ocrx_word' id='word_1_196' title='bbox 186 3747 512 3840; x_wconf 79' lang='lat' dir='ltr'><strong><em>citerexpecliorztur</em></strong></span> <span class='ocrx_word' id='word_1_197' title='bbox 530 3757 561 3814; x_wconf 92' lang='lat' dir='ltr'><strong><em>et</em></strong></span> <span class='ocrx_word' id='word_1_198' title='bbox 576 3749 717 3814; x_wconf 83' lang='lat' dir='ltr'><strong><em>debitum</em></strong></span> <span class='ocrx_word' id='word_1_199' title='bbox 732 3750 1158 3838; x_wconf 81' lang='lat' dir='ltr'><strong><em>capiaretcomplemerztam.</em></strong></span> 
     </span>
    </p>
   </div>
   <div class='ocr_carea' id='block_1_8' title="bbox 217 3900 1223 4079">
    <p class='ocr_par' dir='ltr' id='par_1_8' title="bbox 217 3900 1223 4079">
     <span class='ocr_line' id='line_1_30' title="bbox 219 3900 1223 3986; baseline -0.001 -11"><span class='ocrx_word' id='word_1_200' title='bbox 219 3930 227 3966; x_wconf 89' lang='lat'>¹</span> <span class='ocrx_word' id='word_1_201' title='bbox 251 3928 299 3976; x_wconf 83' lang='lat' dir='ltr'><strong><em>llic</em></strong></span> <span class='ocrx_word' id='word_1_202' title='bbox 316 3930 390 3976; x_wconf 80' lang='lat' dir='ltr'><strong><em>antes</em></strong></span> <span class='ocrx_word' id='word_1_203' title='bbox 404 3943 455 3976; x_wconf 82' lang='lat' dir='ltr'><strong><em>uns</em></strong></span> <span class='ocrx_word' id='word_1_204' title='bbox 475 3909 531 3978; x_wconf 67' lang='lat' dir='ltr'><strong><em>cism</em></strong></span> <span class='ocrx_word' id='word_1_205' title='bbox 545 3927 847 3980; x_wconf 73' lang='lat' dir='ltr'><strong><em>wicliffooniversitatis</em></strong></span> <span class='ocrx_word' id='word_1_206' title='bbox 863 3930 944 3981; x_wconf 86' lang='lat' dir='ltr'><strong><em>Oxon.</em></strong></span> <span class='ocrx_word' id='word_1_207' title='bbox 958 3929 1102 3986; x_wconf 67' lang='lat' dir='ltr'><strong><em>libertatem</em></strong></span> <span class='ocrx_word' id='word_1_208' title='bbox 1117 3925 1166 3975; x_wconf 89' lang='lat' dir='ltr'><strong><em>de·</em></strong></span> <span class='ocrx_word' id='word_1_209' title='bbox 1221 3900 1223 3904; x_wconf 15' lang='grc' dir='ltr'><em>Α</em></span> 
     </span>
     <span class='ocr_line' id='line_1_31' title="bbox 217 4008 1150 4079; baseline 0.006 -20"><span class='ocrx_word' id='word_1_210' title='bbox 217 4023 220 4028; x_wconf 84' lang='grc'><strong>’</strong></span> <span class='ocrx_word' id='word_1_211' title='bbox 253 4008 369 4059; x_wconf 81' lang='lat' dir='ltr'><strong><em>iendorst</em></strong></span> <span class='ocrx_word' id='word_1_212' title='bbox 388 4013 476 4061; x_wconf 76' lang='lat' dir='ltr'><strong><em>contre</em></strong></span> <span class='ocrx_word' id='word_1_213' title='bbox 495 4013 587 4063; x_wconf 75' lang='lat' dir='ltr'><strong><em>scotres</em></strong></span> <span class='ocrx_word' id='word_1_214' title='bbox 607 4012 788 4064; x_wconf 68' lang='lat' dir='ltr'><strong><em>mendicantes.</em></strong></span> <span class='ocrx_word' id='word_1_215' title='bbox 825 4013 883 4065; x_wconf 84' lang='lat' dir='ltr'><strong><em>vid.</em></strong></span> <span class='ocrx_word' id='word_1_216' title='bbox 903 4029 994 4078; x_wconf 78' lang='lat' dir='ltr'><strong><em>supra,</em></strong></span> <span class='ocrx_word' id='word_1_217' title='bbox 1013 4029 1071 4079; x_wconf 74' lang='lat' dir='ltr'><strong><em>pag.</em></strong></span> <span class='ocrx_word' id='word_1_218' title='bbox 1090 4010 1150 4064; x_wconf 54' lang='lat'><strong><em>700</em></strong></span> 
     </span>
    </p>
   </div>
   <div class='ocr_carea' id='block_1_9' title="bbox 0 0 1305 4718">
    <p class='ocr_par' dir='ltr' id='par_1_9' title="bbox 0 0 1305 4718">
     <span class='ocr_line' id='line_1_32' title="bbox 0 0 1305 4718; baseline 0 0"><span class='ocrx_word' id='word_1_219' title='bbox 0 0 1305 4718; x_wconf 95' lang='lat' dir='ltr'><strong><em> </em></strong></span> 
     </span>
    </p>
   </div>
  </div>
 </body>
</html>
