2586 4718
354 1345 747 1416 lurnolrus.

115 2219 279 2323 Quamvis
295 2242 405 2333 religio
422 2239 597 2309 christiana
616 2262 672 2331 per
689 2240 851 2324 medium,
869 2243 953 2333 quod
973 2245 1057 2313 dici·
1118 2293 1125 2307 .

67 2381 138 2449 tur,
158 2390 287 2448 aevum,
306 2366 370 2431 rim
390 2356 521 2429 exseruit
540 2362 573 2426 in
587 2375 693 2451 gentes
704 2362 883 2451 Europaeos
893 2364 1059 2430 saluberri-

67 2512 173 2572 mam,
188 2489 352 2555 hominum
369 2499 474 2550 tamen
491 2504 609 2547 errores
619 2495 650 2546 et
668 2504 778 2570 pravae
790 2481 975 2572 cupiditates
992 2507 1062 2550 eam

30 2678 33 2683 ,
68 2612 259 2678 saeculorum
290 2607 421 2670 decursu
443 2603 519 2670 adeo
537 2604 716 2694 polluerunt
732 2627 767 2670 ac
789 2604 1062 2688 deformaverunt,

66 2743 102 2796 ut
119 2727 245 2796 tandem
255 2708 401 2816 germana
418 2727 514 2816 ipsius
531 2724 649 2792 indoles
663 2738 758 2814 atque
774 2732 1063 2816 naturaviragnos·

67 2863 223 2918 ceremur.
271 2850 344 2916 Fuit
361 2848 456 2938 igitur
473 2847 639 2912 laetissima
655 2845 827 2935 quaedam,
843 2871 922 2936 quae
940 2851 1061 2916 saeculo

69 2971 143 3039 XVI
170 2971 202 3035 in
228 2970 305 3036 orbe
325 2968 503 3036 Christiano
523 2967 682 3048 obtinuit,
707 2990 812 3033 rerum
837 2971 1062 3053 commutatio,

69 3115 163 3183 quam
192 3091 283 3180 vulgo
308 3090 589 3180 Beformalionem
616 3074 764 3157 dicimus:
792 3090 896 3179 potius
916 3112 989 3154 vero
1009 3089 1063 3154 di-

69 3212 166 3278 cenda
184 3211 249 3277 ¹illa
275 3223 319 3276 est
349 3210 539 3300 Religionis
575 3208 790 3278 Christianae
815 3211 848 3274 in
869 3212 994 3299 Europa
1013 3215 1064 3275 in-

72 3336 259 3413 stauratio,
282 3331 345 3397 sive
363 3333 580 3413 παλιγγενεσία
601 3339 628 3400 ¹.
660 3331 731 3398 Non
755 3332 839 3395 enim
852 3330 996 3422 primarii
1016 3353 1067 3398 re·

69 3453 254 3520 formatores
278 3453 314 3518 in
341 3452 509 3519 Germania
535 3465 566 3517 et
588 3451 732 3518 Helrotia
748 3465 929 3542 spectarunt
945 3467 1067 3521 tantum

72 3575 352 3655 reformationem,
383 3575 507 3663 qualem
529 3575 596 3662 jam
624 3571 679 3638 diu
699 3585 770 3639 ante
792 3573 851 3639 sibi
870 3575 1064 3665 proposuisse

96 3768 437 3784 ”a-——fi-—t-

105 3873 115 3908 1
139 3866 349 3935 Quandoquidem
375 3883 435 3916 sero
463 3863 616 3914 vocabulum
644 3864 813 3933 deformatio
840 3879 956 3914 sermone
986 3865 1076 3917 tritum

136 3957 176 4004 ert
200 3956 278 4015 atque
298 3950 329 4000 ab
347 3951 465 4000 omnibus
482 3950 655 4016 intelligitur,
682 3950 762 4000 liceat
778 3965 883 4014 quoqne
905 3949 969 4000 mihi
986 3951 1013 3999 in
1032 3951 1080 4002 huc

138 4035 317 4100 disquisitione
337 4049 369 4084 eo
386 4034 478 4101 passim
497 4033 546 4086 uti.

872 4137 881 4174 t
