2586 4718
559 355 619 417 153

98 591 213 661 regna,
250 579 348 656 utque
380 575 536 655 pervertat
563 562 684 628 nullum
711 584 773 628 non
804 560 920 630 Christi
947 562 1075 631 institu-

99 695 188 755 tum''
202 695 228 756 ¹.
276 687 372 751 Tanti
396 682 591 749 vehementii
615 695 645 749 et
670 686 821 770 παρ’ῥησίᾳ
841 685 997 752 Wicliffns
1018 684 1077 752 bac

99 807 329 899 opportunitate
349 819 456 872 contra
472 803 641 869 Ecclesiam
652 803 850 870 Pontificiam
861 806 995 897 scripsit.
1016 792 1075 887 Et,

98 952 179 1021 quae
198 938 429 1004 successerunt,
449 939 590 1017 tempora
610 939 825 1017 persuaserunt
848 928 879 993 ei
898 929 994 1018 magis
1011 951 1079 993 ma·

98 1051 228 1140 gisque,
258 1047 512 1118 reformationem
536 1047 631 1113 totius
650 1046 807 1114 Ecclesiae
826 1070 890 1115 esse
909 1047 1079 1115 admodum

99 1171 324 1250 necessariam,
348 1180 442 1258 atque
461 1166 535 1233 huic
554 1164 747 1234 inchoandae
767 1190 877 1234 aerum
897 1168 975 1235 illud
993 1169 1082 1238 valde

101 1312 166 1357 esse
181 1275 405 1381 opportunum.
439 1290 520 1358 Nam
537 1287 715 1354 inciderunt
731 1311 767 1353 ea
784 1301 924 1379 tempora
939 1290 971 1354 in
982 1291 1082 1382 ipsam

101 1411 259 1478 Ecclesiae
276 1410 543 1501 perturbationem
563 1421 657 1499 atque
678 1408 856 1480 discrimen.

144 1896 269 1964 Mortuo
286 1895 405 1962 scilicet
424 1893 574 1983 Gregorio
594 1892 662 1971 Xl,
683 1891 861 1960 cardinales
879 1893 931 1959 die
950 1899 971 1962 8
990 1895 1086 1985 Apri·

100 2016 138 2082 lis
170 2021 257 2084 1378
277 2016 504 2082 conveniebant
520 2011 560 2076 ad
580 2011 757 2100 eligendum
776 2035 994 2097 successorem.¹
1033 2016 1084 2084 Ab

101 2159 182 2202 anno
200 2140 286 2200 1309
304 2133 469 2200 Pontifices
485 2129 590 2198 sedem
606 2153 693 2197 snam
711 2132 869 2201 Arenione
889 2134 1079 2210 habuerant:

99 2276 179 2345 qnae
204 2253 411 2342 demigratio,
439 2253 602 2343 captivitas
630 2253 783 2343 Papamm
813 2254 1003 2345 Babylonica
1026 2280 1083 2349 per

95 2377 203 2465 jocum
222 2373 329 2454 dicta,
350 2375 397 2442 nti
418 2387 450 2442 et
468 2375 656 2441 Pontificum
675 2373 854 2441 obedientia
873 2389 904 2442 et
922 2377 1084 2446 submissio

100 2496 225 2586 regibus
243 2496 385 2577 Galliae,
404 2494 591 2584 displicebat
605 2497 673 2584 jam
693 2492 811 2560 dudum
829 2494 927 2565 Italis.
960 2497 1003 2563 lli
1019 2499 1083 2589 igi-

35 2630 44 2641 ·
101 2629 152 2683 tur
165 2629 339 2682 metuentes
347 2663 358 2696 ,
368 2637 408 2680 ne
419 2636 521 2680 rursus
531 2614 626 2704 Papa,
637 2614 762 2680 natione
772 2614 889 2694 Gallus,
902 2615 1081 2707 eligeretur,

100 2736 284 2804 seditionem
311 2736 441 2802 movisse
468 2734 634 2815 dicuntur,
664 2759 725 2825 qua
748 2735 893 2804 effectum
905 2787 915 2820 ,
939 2753 973 2806 nt
1000 2738 1081 2807 Gar-

100 2857 239 2937 dinales‚
262 2847 451 2945 'quanquam
481 2857 631 2945 majorem
658 2868 779 2946 partem
800 2858 903 2940 Galli,
928 2861 1081 2952 Neapoli-

98 2991 203 3048 tanum
215 3026 225 3057 ‚
256 2973 528 3041 bartholomaeum
566 2975 605 3042 de
638 2977 821 3068 Pregnano,
858 2978 1082 3071 Archiepisco-

95 3121 171 3190 pum
194 3098 301 3177 Barii,
320 3097 459 3162 ornarint
480 3094 630 3182 dignitate
656 3094 866 3178 Pontificid2‚
888 3122 982 3188 qnam
1006 3103 1080 3186 ille,

97 3233 232 3288 assumto
265 3218 391 3284 nomine
423 3216 544 3284 Urbani
573 3215 616 3280 Vl
629 3262 642 3294 ‚-
667 3215 792 3284 circiter
819 3216 857 3282 ad
886 3220 981 3286 finem
1006 3225 1079 3291 anni
1141 3296 1144 3301 ,

129 3407 139 3442 ¹
164 3405 223 3459 vid.
241 3407 273 3456 de
287 3406 370 3456 hocce
385 3403 491 3455 Wicliffi
505 3406 635 3463 tractatu,
656 3404 731 3469 cujus
745 3405 795 3455 Es.
815 3406 898 3458 adhuc
917 3415 1017 3476 exstat,
1036 3413 1085 3465 Ee·

161 3490 265 3551 wlsius,
288 3507 314 3558 p.
331 3490 382 3540 ³26
400 3505 458 3553 sqq.
476 3513 510 3527 -
529 3487 664 3552 Vangban.
682 3489 741 3541 Vol.
760 3489 784 3544 1.
801 3507 828 3559 p.
846 3491 898 3543 402
914 3510 972 3559 sqq.
984 3514 1010 3564 p.
1022 3499 1084 3552 406,

159 3577 216 3621 not.
235 3575 277 3627 18.

127 3656 139 3695 ²
166 3657 207 3706 Sic
225 3659 358 3709 memoriae
373 3675 413 3709 ree
429 3658 530 3726 prodita
548 3662 588 3708 eat
606 3675 621 3708 a
641 3658 737 3727 Gallie:
755 3665 850 3725 negant
868 3678 928 3713 roro
946 3668 1084 3733 scripturae

164 3741 241 3800 Itali,
263 3741 407 3792 Cardinalea
422 3743 453 3793 ad
471 3744 538 3793 bano
561 3730 721 3793 electionem'
736 3750 873 3796 commotos
898 3749 975 3799 ruisse
994 3755 1083 3819 populi

164 3825 274 3889 quadam
299 3826 434 3882 anditione.
456 3828 506 3877 rid.
532 3828 654 3880 Gieeeler.
673 3828 730 3876 Vol.
748 3829 783 3879 11.
802 3828 830 3880 P.
852 3831 901 3882 lll.
922 3849 948 3898 p.
972 3835 1030 3887 122.
1050 3863 1086 3878 ..-

132 3974 136 3983 Ι
167 3911 203 3962 cl.
230 3910 307 3960 etiam
326 3909 449 3975 epistola,
467 3912 526 3962 deta
542 3914 651 3973 llonme,
670 3910 761 3978 snajt
778 3913 857 3976 1³78,
875 3918 997 3980 quamde
1013 3921 1083 3973 elec·

164 3996 236 4047 tione
250 3995 346 4048 Urbani
366 3995 401 4045 VI
416 3996 551 4062 collegium
576 3995 750 4048 cardinalium
767 4000 905 4050 transmisit
919 4002 1084 4074 Imperatori3
1186 4046 1190 4051 .

162 4082 241 4149 hujus
260 4081 387 4150 exemplar
401 4085 483 4134 tutat
502 4084 569 4152 apud
587 4083 778 4150 Knygbtonum.
799 4102 826 4154 p.
847 4085 926 4138 2632.
