2586 4718
640 361 682 422 20

221 585 287 671 Age
309 595 413 656 nunc,
432 573 503 640 data
523 573 634 664 operis,
650 571 843 662 inquiramus
859 570 891 635 in
911 570 971 635 siri
992 570 1074 638 illins
1091 574 1154 638 eri·

174 703 232 770 mii
261 704 385 778 vitam,
412 698 579 787 siagcn‘a'stm
591 743 601 775 ,
630 695 778 784 scripta:
805 713 842 758 er
860 714 922 781 qua
941 690 1157 782 disquisitione

173 823 402 915 percipiemus,
429 815 506 908 quid
533 816 565 881 in
595 814 707 905 anglia
733 812 855 879 saeculo
877 811 953 879 ΧΠ
973 814 1157 902 praestitum

173 943 269 1011 fuerit
287 941 326 1008 ad
345 934 590 1033 praeparandam
609 933 877 1003 reformationem.

176 1155 485 1174 ...ῃ-.-

234 1283 321 1333 datum
343 1286 382 1332 est
406 1283 528 1349 imprimis
553 1282 584 1332 iis
612 1282 672 1332 viris
698 1284 725 1333 et
745 1285 921 1349 mulierculis,
940 1291 986 1353 qui
1004 1290 1079 1340 initio
1095 1307 1163 1340 saec.

235 1366 294 1417 XIV
313 1368 471 1432 Antvarpiae
485 1367 593 1433 primum
610 1367 782 1428 exstiterunt,
801 1386 880 1434 seque
897 1380 1117 1439 congregaverunt
1134 1374 1165 1425 ad

236 1451 362 1501 curandos
386 1456 504 1515 aegrotos
522 1456 549 1501 et
568 1449 750 1512 moribundos,
771 1455 878 1506 maxime
895 1458 1044 1520 pestilentia
1063 1463 1164 1520 tactos,

124 1559 133 1572 ε
235 1534 328 1598 quihus
349 1534 432 1584 officia
450 1536 566 1586 caritatis
584 1539 713 1601 praestare
734 1537 845 1600 turpiter
863 1537 913 1587 illis
931 1538 1021 1589 diebus
1039 1556 1164 1605 saepenu-

231 1635 302 1668 mero
322 1620 476 1669 recusabant
504 1621 592 1669 alerici
611 1623 638 1668 et
656 1620 748 1669 tratres
765 1617 956 1671 llendicantess
976 1627 1003 1672 et
1021 1623 1087 1672 hanc
1105 1625 1166 1686 qui·

232 1705 289 1754 dem
315 1705 348 1754 ob
380 1722 481 1756 eausam
500 1705 640 1755 Lollardos
660 1721 704 1754 eos
724 1703 832 1753 vocabat
850 1704 939 1771 plebs,
958 1709 1096 1770 quoniam,
1116 1723 1163 1756 cu·

172 1775 174 1779 ’
233 1807 286 1839 ram
303 1793 421 1855 gerentes
441 1805 545 1855 quoque
560 1806 645 1840 rerum
663 1788 827 1850 funebrium,
845 1789 968 1854 imprimis
984 1793 1005 1840 si
1022 1793 1068 1855 qui
1086 1793 1166 1857 pesti·

221 1877 313 1927 nentia
338 1876 434 1925 mortui
454 1879 558 1934 essent,
578 1875 670 1933 lunera
686 1873 804 1923 comitari
819 1871 955 1933 solebant,
976 1880 1068 1923 cantus
1088 1877 1163 1940 luga·

233 1957 293 2009 bres
314 1956 458 2010 cantabtes.
488 1959 593 2025 Proprie
604 1955 741 2007 audiebant
753 1956 865 2007 Fratres
872 1964 898 2006 ct
911 1958 1023 2008 Sorores
1035 1959 1162 2021 Gallitae,

230 2060 245 2091 a
265 2043 381 2103 cellulis,
402 2042 539 2107 inquibus
559 2042 703 2106 degebant,
724 2041 777 2091 siae
795 2041 941 2103 Alaaeiosss',
959 2059 973 2092 a
991 2049 1099 2109 patrono
1116 2061 1161 2094 suo

230 2127 353 2187 tutelari,
372 2127 465 2177 Sancto
480 2128 579 2180 Alexio.
597 2126 799 2193 Reperiebantur
813 2129 840 2178 iu
858 2125 995 2192 elandria,
1013 2131 1040 2178 in
1058 2131 1163 2181 Germa·

228 2210 290 2271 nia,
310 2210 338 2276 iu
357 2208 420 2259 urbe
434 2211 510 2260 etiam
527 2210 799 2274 Rheno-trajectina,
819 2211 864 2261 ubi
882 2215 982 2279 platea,
993 2216 1160 2278 quaeetism·

178 2343 179 2346 ,
229 2309 299 2343 nunc
328 2293 423 2343 dicitur
450 2295 630 2355 helluationi,
657 2309 751 2342 nomen
778 2294 810 2343 ab
837 2295 868 2343 iis
892 2297 988 2358 babet,
1008 2292 1068 2362 quia
1085 2301 1160 2350 multi

231 2377 357 2443 ejusmodi
371 2378 487 2429 homiues
508 2380 545 2428 ibi
565 2378 625 2427 olim
642 2377 801 2428 habitarunt.
838 2378 919 2442 Quum
938 2396 997 2428 vero
1016 2383 1161 2432 sacerdotes

229 2464 257 2510 et
279 2464 397 2513 monachi
423 2466 547 2515 invidiose
571 2461 672 2514 efficere
688 2463 836 2523 studerent,
855 2469 886 2511 ut
906 2463 1033 2532 simplices
1050 2466 1093 2514 isti
1111 2466 1160 2515 bo·

216 2531 330 2607 mines,
343 2565 388 2614 per
404 2564 469 2614 quos
477 2551 677 2600 imminuebatur
693 2532 805 2617 ipsorum
819 2543 886 2616 apud
898 2551 1018 2616 populum
1028 2551 1157 2616 dignitas,

229 2630 256 2678 in
277 2631 362 2681 odium
377 2634 494 2683 venirent
508 2630 630 2681 Pontifici
646 2633 777 2692 ltomanc,
797 2651 893 2695 eosque
910 2651 990 2699 quum
1008 2642 1159 2687 accusarent

229 2714 384 2780 flagitiorum
401 2722 428 2768 et
446 2717 595 2776 haereseos,
618 2719 682 2766 tuno
701 2716 891 2766 Lcllordorssm
910 2735 1003 2768 nomen
1021 2727 1157 2772 coutume-

227 2799 285 2849 lioai
298 2855 301 2860 ,
312 2799 375 2864 quid
393 2816 484 2875 sonare
503 2801 606 2866 coepit,
628 2802 656 2848 at
673 2798 760 2849 datum
782 2804 821 2850 est
839 2815 890 2848 non
906 2807 992 2850 sectas
1012 2805 1154 2866 peculiari,

227 2885 273 2936 sed
291 2874 460 2937 communiter
475 2887 605 2945 omuibus,
629 2900 712 2948 quos,
734 2884 844 2950 speciem
856 2882 1157 2946 quidaminsignissanc·

228 2970 349 3022 timoniae
368 2988 429 3036 prae
447 2987 474 3020 se
482 2962 485 2966 ’
493 2971 619 3029 terentes,
638 2968 762 3034 ejusmodi
773 2984 860 3034 reapse
871 2967 957 3016 fovere
969 2967 1080 3037 placita,
1092 2964 1159 3030 quaa

229 3057 358 3117 Ecclesiae
376 3059 504 3106 Romanae
523 3055 595 3104 valde
612 3057 698 3104 essent
715 3053 873 3119 perniciosa,
887 3051 1078 3116 suspicarentur
1088 3054 1158 3101 Pon·

232 3139 315 3189 liflcii.
351 3139 408 3188 vid,
429 3139 558 3201 blasheim.
579 3139 637 3190 Vol.
659 3138 690 3189 V.
711 3155 737 3204 p.
756 3136 816 3186 324.
835 3138 892 3184 not.
910 3151 936 3182 u.
956 3161 988 3172 -
1008 3135 1156 3187 sicrestum

232 3230 290 3284 eat,
308 3228 338 3274 ut
348 3224 375 3273 iu
394 3224 485 3288 Anglia
501 3221 650 3272 Wicliffitae
668 3237 790 3286 quoque,
812 3237 832 3271 s.
846 3219 965 3285 discipuli
977 3223 1004 3268 et
1020 3222 1082 3270 socii
1099 3222 1158 3271 Wi-

234 3307 315 3372 cliffi,
336 3308 468 3362 haeretico
486 3299 675 3359 litteratorum
695 3308 797 3356 nomine
815 3307 936 3373 appellati
951 3307 1012 3359 sint.
