2586 4718
630 319 706 382 197Ι

166 559 241 625 quas
260 532 413 622 Episcopo
431 530 621 596 Londineusi
641 533 785 612 miserat,
805 533 939 622 praelegi
953 536 1060 622 jussit,
1078 558 1143 604 eas·

167 678 228 745 que
252 650 488 744 promulgandas
517 647 706 718 cancellario
736 651 887 733 tradidit,
913 675 1053 720 sermone
1071 679 1145 722 cum

165 775 286 865 patrio,
314 787 380 838 tum
406 772 542 851 Latino,
561 770 594 835 in
614 771 750 838 Ecclesid
770 774 877 838 beatae
897 775 1012 841 Mariae
1031 773 1143 843 Oromi

163 909 194 961 et
214 895 245 960 in
266 893 377 960 scholis
395 891 622 961 Universitatis.
670 893 765 959 Porro
785 891 888 958 eidem
907 894 1067 961 mandarit
1077 898 1089 974 ,'
1107 912 1142 962 ut

164 1015 362 1096 Wicliffum,
391 1010 631 1093 llerefordiuru,
659 1012 921 1104 Repiugdonum,
947 1014 1144 1099 Ashtouum,

166 1136 425 1215 Bedsmannum,
447 1147 479 1200 et
502 1134 635 1223 reliquos
663 1156 769 1200 omnes
789 1133 949 1201 haereseos
968 1151 1140 1226 suspectos,

160 1256 286 1344 juberet
313 1255 469 1320 abstinere
497 1254 537 1318 ab
567 1255 650 1319 omui
681 1253 783 1320 officio
812 1254 1015 1335 scholastico,
1047 1256 1145 1324 donec

165 1389 262 1444 semet
289 1376 370 1465 ipsos
396 1374 527 1464 Primati
557 1374 688 1462 dugliae
716 1388 909 1464 purgassent,
935 1389 1030 1464 utque
1052 1377 1143 1445 simul
1215 1366 1217 1370 Α

167 1498 331 1586 diligenter
359 1495 569 1585 investigaret,
584 1495 709 1561 illorum
737 1497 883 1566 fautores.
937 1496 1146 1568 Cancellarius

164 1631 237 1684 tuuc
255 1617 426 1706 reposuisse
444 1615 564 1695 fertur,
581 1613 641 1681 hoc
662 1615 841 1682 mandatum
864 1617 889 1683 si
909 1634 1144 1709 exsequeretur,

161 1739 270 1805 mortis
298 1737 464 1804 discrimen
480 1759 511 1804 se
531 1760 595 1804 esse
612 1736 782 1809 aditurum.
832 1739 974 1830 »ltaque
985 1791 996 1822 ,
1016 1742 1145 1832 inquie-

65 1912 71 1919 .
163 1861 216 1926 hat
245 1859 528 1950 drchiepiscopus,
553 1858 746 1926 Universitas
766 1858 946 1925 Oxoniensis
968 1862 1082 1926 fautrix
1101 1876 1146 1929 est

163 1976 1147 2067 haeresium,impedirentudens,quominusrerissimaliccle·
1243 2006 1245 2011 ·

164 2103 227 2168 siae
252 2098 395 2164 doctrina
419 2097 521 2185 palam
545 2095 636 2164 fiat.'’
684 2092 894 2163 cancellarius
912 2112 1015 2164 autem
1028 2149 1038 2182 ,
1060 2101 1148 2169 Oro-

164 2222 253 2285 nium
272 2216 370 2282 redux
377 2264 388 2297 ,
405 2215 623 2307 promulgabat
642 2214 839 2288 mandatum:
863 2240 927 2307 quo
946 2222 1047 2302 facto,
1065 2227 1148 2288 Aca.

163 2338 277 2404 domici
311 2338 479 2404 saeculares
508 2350 573 2405 tam
603 2335 803 2403 vehementer
833 2354 1009 2406 exarserunt
1038 2356 1146 2409 contra

161 2455 344 2539 monachos,
364 2481 441 2547 quos
455 2455 696 2525 Universitutem
712 2456 961 2546 pessumdaturus
976 2482 1040 2526 csse
1057 2460 1143 2529 dixe·

160 2593 254 2661 runt,
276 2593 310 2646 ut
327 2591 429 2643 metus
448 2577 557 2654 mortis
576 2575 660 2641 haud
678 2599 793 2666 paucos
813 2577 1010 2650 invaderett.
1053 2584 1140 2652 Jussa

160 2701 254 2790 igitur
285 2697 522 2788 drchiepiscopi
549 2720 660 2787 susque
689 2697 790 2787 deque
816 2696 925 2766 habita
951 2724 1038 2784 esse,
1065 2706 1141 2773 inde

158 2821 313 2910 conjicere
340 2819 437 2915 licet,
461 2817 568 2907 quod,
595 2841 702 2884 mense
720 2820 949 2911 praeterlapso,
972 2823 1054 2890 idem
1075 2828 1141 2895 fere

156 2941 334 3008 mandatum
356 2938 547 3006 Cancellario
568 2940 608 3004 ab
628 2940 695 3030 ipso
715 2963 788 3029 rege
810 2941 919 3008 datum
939 2957 997 3014 est.

199 3062 348 3131 Praelatio
381 3073 412 3126 et
445 3059 623 3124 doctoribus
656 3059 758 3124 denuo
793 3059 912 3125 ibidem
948 3071 1138 3154 congregatis

156 3184 208 3249 dic
243 3176 284 3249 18
318 3179 431 3259 lunii,
466 3178 496 3241 iu
525 3175 646 3266 judicio
678 3199 710 3242 se
738 3177 882 3245 stiterunt
912 3182 1135 3270 Herelordius,

160 3328 195 3337 ..-
338 3325 420 3330 ·-···“·-··
431 3325 468 3332 ·-·

218 3379 365 3428 testimonio
396 3395 426 3428 sc
449 3376 606 3442 experientiis
629 3376 707 3436 lacti,
739 3373 811 3439 quod
831 3380 860 3425 tu
880 3380 999 3443 magister
1016 3383 1142 3436 liebertus

216 3464 303 3526 Rpgge
326 3487 377 3501 -
393 3461 537 3528 praemissis
552 3459 778 3520 conclusionibus.
799 3462 835 3511 sio
854 3462 999 3526 damnetis,
1020 3469 1140 3532 aliquali·

219 3549 258 3594 ter
283 3547 413 3597 inclinasti
430 3549 508 3597 etiem
529 3550 556 3595 et
574 3546 699 3604 inclinas,
720 3550 763 3606 et,
786 3562 862 3610 quem
879 3549 905 3596 in
925 3550 974 3600 lrac
994 3559 1067 3617 parte
1084 3572 1141 3606 sus·

220 3631 324 3694 pecturn
338 3630 477 3690 habemus,
495 3629 607 3680 intendis
621 3629 767 3693 hujusmodi
782 3631 899 3691 clericor,
915 3634 952 3684 sio
967 3647 1137 3696 convocatos,

219 3719 246 3765 et
264 3713 341 3772 alios,
362 3698 436 3764 nobie
450 3715 475 3764 iu
493 3716 523 3764 ed
539 3719 612 3780 parte
630 3714 797 3763 adhaerentes
817 3716 857 3766 vel
875 3718 1006 3779 furentes,
1026 3745 1077 3756 --
1092 3738 1138 3786 per

217 3799 319 3849 dolosas
344 3797 536 3861 imaginationes
562 3804 618 3849 tues
643 3800 819 3865 multipliciter
839 3802 870 3852 de
888 3805 957 3853 lacto
972 3821 1093 3868 gravare;
1109 3811 1137 3856 te

214 3885 363 3948 magistrum
383 3883 520 3934 liebertum
537 3910 588 3922 -
604 3900 755 3944 monemus,
775 3911 827 3923 -
843 3888 1064 3954 quod-praelatos
1081 3890 1136 3940 cle·

217 3971 301 4026 ticos,
322 3968 481 4025 saeculares.
500 3970 541 4019 vel
560 3971 705 4034 regulares,
730 3994 781 4007 ·-
798 3985 849 4019 non
869 3987 975 4034 graves,
996 3972 1137 4039 impedias,

217 4053 256 4100 rol
275 4050 434 4106 molestos.''
454 4055 504 4100 etc.
525 4079 555 4090 -
578 4055 585 4089 ¹
605 4053 698 4102 Wcod.
719 4052 772 4103 tib.
793 4054 814 4103 1.
834 4069 858 4118 p.
882 4055 938 4105 191.
1009 4114 1011 4120 Ι
1075 4070 1078 4075 ·
