2586 4718
652 318 714 382 tto

228 529 283 600 Sic
302 543 405 597 autern
419 526 577 596 Wicliffus
594 526 705 594 diurni
724 530 935 620 nocturnique
955 552 1050 599 mann
1068 535 1166 605 libros

188 676 287 722 saeros
311 669 453 731 versans,
477 636 511 715 οῖ’
527 648 567 715 ad
588 647 699 715 borum
717 649 807 716 effata
826 653 986 742 explorans
1006 655 1166 724 Ecclesiae

185 775 352 864 dogmata,
377 772 410 837 in
429 769 494 837 dics
512 770 610 860 magis
629 772 783 861 perspexit
802 794 940 854 errores,
965 775 1021 865 qui
1041 790 1167 868 tempo·

182 896 226 963 ris
239 895 371 962 decursu
385 893 419 959 in
433 891 606 958 doctrinam
623 888 832 959 Christianam
846 892 1046 984 irrepserant.
1073 898 1167 966 llane
1204 937 1208 946 ·

183 1018 279 1108 igitur
290 1036 387 1105 quum
396 1036 454 1104 pro
462 1010 580 1079 visibus
588 1013 741 1079 exsoluere
751 1013 889 1081 studeret
899 1037 1004 1082 errore
1015 1017 1165 1088 inventis·

183 1159 245 1228 que
259 1135 422 1203 bominum
441 1155 479 1200 ac
491 1130 641 1200 reducere
655 1131 695 1198 ad
708 1132 872 1223 pristinam
887 1136 1056 1225 puritatem
1067 1151 1099 1206 et
1110 1161 1165 1207 ve·

84 1292 86 1297 ·
181 1260 324 1337 ritatem,
345 1253 603 1343 ingratissimam
619 1252 730 1329 incidit
745 1259 983 1322 controuersiam
994 1278 1066 1322 cum
1076 1259 1166 1328 mul-

183 1380 222 1447 tis
241 1376 421 1445 doctoribus
435 1387 466 1440 et
482 1374 603 1440 clericis
622 1373 663 1440 de
682 1384 891 1441 sacramento
904 1373 1163 1451 Eucharistiae.

178 1503 252 1572 lam
270 1512 361 1566 antea
376 1494 573 1562 abhorruisse
592 1493 714 1560 ridetur
734 1495 774 1561 ab
793 1496 890 1585 impia
909 1496 1068 1565 Ecclesiae
1083 1498 1166 1566 doc-

180 1624 260 1692 ains
272 1619 407 1693 demeris
424 1616 540 1685 coenis:
559 1636 651 1695 nam,
671 1627 800 1682 testante
812 1615 1165 1707 Vaughanminbomi-

178 1744 228 1812 liis
247 1737 477 1836 parochialibus
494 1736 672 1825 frequenter
688 1733 764 1803 huic
780 1734 940 1803 doctrinae
961 1738 1180 1810 contradixit·

179 1866 305 1935 Aestate
333 1880 406 1928 aero
433 1858 508 1924 anni
531 1861 613 1925 1381
634 1858 773 1947 primum
792 1858 827 1924 in
845 1858 1055 1929 Universitato
1073 1858 1165 1928 Oxo-

179 1988 280 2057 niensi
310 1982 438 2075 publice
469 1978 831 2047 Transsnbstantiationis
861 1978 974 2068 dogma
1006 2003 1164 2070 aggressus

131 2087 134 2097 '
179 2125 224 2179 est
235 2158 246 2191 ,
270 2106 400 2184 sumus,
425 2102 538 2192 quibus
558 2100 592 2166 id
611 2102 832 2191 impugnaret,
861 2122 898 2165 er
918 2100 1091 2190 Euangelio
1111 2124 1164 2166 ar-

152 2226 345 2324 'gumentia
383 2223 604 2312 Promulgabat
633 2243 746 2310 nempe
770 2221 942 2286 duodecim
974 2222 1103 2301 theses,
1122 2220 1165 2287 da

180 2353 293 2446 quibus
314 2348 543 2438 disputaturum
562 2366 593 2411 se
620 2343 724 2432 palam
753 2341 912 2412 offerebat.
960 2342 1059 2410 Erant
1078 2341 1159 2412 bae:

225 2474 255 2542 l.
280 2469 405 2536 Hostia
431 2472 648 2542 consecrata,
676 2485 775 2552 qtcum
800 2463 948 2527 uidemus
972 2467 1010 2528 iu
1026 2465 1140 2529 altari
1150 2511 1162 2543 ,

176 2619 237 2663 racc
264 2600 315 2660 cst
345 2590 522 2667 Christus,
552 2607 611 2650 uec
629 2586 746 2674 aluus
764 2587 942 2675 suipars,
966 2580 1027 2650 sall
1042 2584 1163 2674 efficax

180 2718 251 2808 ejas
269 2718 414 2806 aigum

242 3041 434 3103 cantuariensis
459 3036 624 3102 provinciae,
650 3034 757 3084 Londini
786 3051 854 3084 anno
874 3033 952 3086 1408.
988 3034 1019 3083 lu
1038 3033 1168 3084 constitu·

240 3138 312 3186 tione
332 3128 383 3178 Vll
405 3122 519 3186 legitur,
538 3137 554 3168 a
565 3120 704 3169 statuimus
724 3123 752 3171 et
767 3121 931 3179 ordinamus,
949 3122 979 3167 ut
996 3134 1074 3169 nemo
1089 3118 1165 3168 dein·

240 3231 302 3282 ceps
321 3210 432 3271 aliquem
451 3208 548 3252 textum
568 3220 657 3252 sacrae
676 3205 823 3283 Scripturas
843 3204 998 3254 anctoritate
1015 3204 1062 3254 suia
1079 3205 1106 3252 in
1116 3203 1174 3261 lin(

240 3316 315 3369 guam
339 3291 521 3356 Anglioanam‚
550 3289 590 3337 vei
620 3289 712 3346 aliam,
745 3288 901 3346 transferat,
931 3303 976 3351 per
1001 3287 1067 3336 riam
1087 3286 1164 3347 libri,

239 3381 339 3438 libelli,
366 3380 411 3424 aut
437 3376 590 3436 tractatua;'
605 3389 654 3422 neo
679 3373 778 3436 legatur
803 3371 896 3434 aliquia
915 3371 1062 3436 hujusmodi
1080 3371 1164 3432 liber,

241 3461 363 3521 libellus,
392 3461 437 3507 aut
463 3460 589 3506 tractatus
614 3457 673 3520 jam'
697 3455 798 3504 noviter
822 3459 937 3520 tempore
959 3455 1024 3505 dicti
1042 3453 1172 3505 lobannis

240 3546 363 3612 Wyolffi,
391 3543 443 3591 sire
469 3542 534 3591 citra
559 3541 732 3605 compositus,
753 3543 798 3588 aut
816 3540 843 3588 in
859 3543 991 3605 posterum
1008 3556 1166 3606 componen-

241 3632 308 3691 dus,
335 3628 362 3676 in
380 3629 453 3693 parta
470 3625 512 3674 vel
528 3625 555 3673 in
574 3627 649 3684 toto,
669 3622 773 3690 publice
792 3623 833 3671 vel
851 3624 974 3683 occulte,
998 3623 1047 3673 sub
1063 3624 1169 3689 majoris

241 3711 510 3769 excommunicationis
534 3707 635 3773 poeni,
665 3722 870 3772 quousque-per
895 3706 947 3756 loci
964 3708 1164 3769 dioecesanum,

241 3820 306 3863 seu,
333 3800 355 3849 si
378 3814 418 3847 res
444 3792 557 3857 exegerit
562 3827 578 3859 ,Ι
594 3807 639 3859 per
659 3791 797 3840 concilium
811 3790 991 3856 provinciale,
1011 3793 1065 3858 ipse
1083 3792 1169 3841 trans·

239 3889 303 3939 latio
330 3884 409 3933 fuerit
431 3877 586 3946 approbata:
604 3877 648 3940 qui
666 3880 757 3924 eontra
775 3875 886 3936 fecerit,
908 3879 938 3924 nt
956 3877 1041 3936 fautor
1055 3877 1168 3928 haeresis

240 3978 268 4024 et
283 3969 376 4022 erroris
392 3960 509 4026 simfliter
516 3960 668 4027 puniatur.”
688 3957 800 4008 Willrioa
810 3945 955 4019 ‚‘'Coucilio
965 3975 1078 4024 mopsos
1090 3958 1163 4010 Brit.

240 4056 348 4107 utilit.
383 4050 442 4104 Vol.
462 4048 512 4099 111.
534 4064 560 4113 p.
580 4045 641 4106 317.
