2586 4718
627 335 669 396 ³0

131 621 132 626 ,
162 549 201 618 ln
229 548 314 618 hise'o
332 546 479 637 Collegiis
505 545 643 637 hospitio
673 546 767 615 etiam
793 544 976 615 fruebantur
999 553 1141 642 magistra

82 669 85 679 '
162 669 293 762 quidam
312 682 344 737 et
363 669 522 750 doctores,
537 684 614 768 quos
631 667 802 758 Praepositi
819 671 916 738 socios
929 673 1140 762 appellabant.

164 793 304 861 Aderant
348 814 472 882 quoquc
501 790 654 857 scholares
679 792 901 882 pauperiores,
930 794 986 883 qui
1006 794 1143 885 reliquis

162 915 340 983 servirent.
374 913 504 1002 Collegii
527 912 742 1002 Praepositum
764 913 918 1003 ‘optabant
935 915 1027 1007 vulgo
1044 916 1142 997 socii,

162 1056 258 1125 quem
286 1046 389 1101 tamen
418 1031 568 1102 uisitatori
597 1031 637 1099 ad
656 1031 904 1100 confirmandum
921 1048 1144 1125 proponerent.

161 1155 344 1222 Visitato'res
369 1166 474 1220 autem
500 1152 685 1221 dicebantur
709 1153 756 1234 ii,
779 1153 835 1244 qui
854 1151 1061 1246 collegiorum
1080 1169 1145 1223 sta·

162 1289 232 1344 tum
259 1276 507 1366 perquirebant;
542 1289 574 1343 et
604 1274 666 1342 hoc
680 1277 752 1365 jare
772 1273 950 1365 gaudebuut
969 1276 1143 1346 conditores

163 1397 245 1489 ipsi,
264 1398 314 1464 rel
333 1372 407 1477 alii,
433 1394 473 1463 od
494 1417 571 1485 quos
581 1386 623 1463 hi
640 1393 719 1462 illud
730 1398 784 1485 jus
802 1394 999 1477 detulerant,
1022 1399 1086 1467 sira
1105 1400 1146 1465 ad

162 1540 320 1586 summum
350 1515 507 1607 quendam
533 1516 702 1596 clericum,
735 1516 798 1582 sire
815 1514 856 1581 ad
874 1516 1011 1605 aliquem
1028 1541 1065 1587 er
1082 1521 1144 1587 suis

160 1641 340 1732 nepotibus.
388 1636 555 1705 Caeterum
575 1637 713 1727 collegia
732 1633 902 1704 secundum
916 1639 1148 1726 suasregebau·

161 1774 215 1829 tur
234 1758 471 1827 consuetudines
489 1781 606 1849 suaque
626 1770 757 1840 statuta,
777 1769 872 1846 atque
892 1756 1045 1829 ditissima
1060 1766 1162 1832 erant'

160 1883 252 1953 bonis
279 1881 501 1951 Ecclesiastiois
530 1879 742 1970 temporisque
769 1877 902 1947 decursu
928 1883 1026 1972 magis
1051 1883 1148 1950 etiam

161 2006 445 2097 locupletabantur.
502 2001 540 2068 ln
568 1999 607 2069 iis
636 2000 764 2091 quidam
789 1991 1017 2070 erudiebantur
1030 2004 1148 2071 alumni

161 2149 182 2191 a
210 2125 366 2214 magistris
389 2136 421 2190 et
452 2119 653 2201 doctoribus,
674 2120 727 2188 sed
747 2123 874 2214 insuper
891 2125 1026 2215 puhlicis
1045 2126 1147 2193 inter-

163 2258 253 2313 erant
280 2244 469 2324 lectionibus
496 2255 528 2309 et
551 2240 734 2332 disputandi
753 2244 1036 2326 exercitationibus,
1067 2268 1147 2336 quae

33 2432 39 2436 .
162 2391 182 2436 a
207 2365 455 2459 professoribus,
479 2365 655 2434 constitutis
673 2363 859 2454 stipendiis,
878 2365 911 2429 iu
930 2366 1044 2446 variis,
1067 2390 1147 2456 quae
1226 2365 1229 2370 ’

46 2559 50 2570 ,
162 2490 379 2579 appellantur,
396 2487 597 2555 facultatibus
611 2485 821 2553 habebantur.
867 2485 995 2553 Praeter
1012 2483 1150 2578 collegia

164 2632 237 2678 tero
259 2608 495 2700 reperiebantur
514 2607 628 2677 Oronii
644 2603 776 2686 dulae,
793 2629 872 2696 quae
886 2607 927 2674 ab
944 2607 1006 2676 illis
1020 2609 1148 2700 paulum
1201 2684 1202 2688 Ἰ

164 2731 367 2800 differebant:
390 2731 553 2798 obtinebat
572 2748 686 2817 nempe
706 2725 740 2791 in
760 2726 849 2793 Aulis
867 2727 1027 2795 liberalius
1042 2729 1148 2818 quod-

165 2854 237 2921 dam
254 2852 379 2921 rirendi
399 2876 494 2945 genus
511 2861 538 2920 ¹.
586 2847 778 2916 Referebant
796 2859 902 2913 autern
923 2843 1060 2937 collegia
1078 2871 1146 2913 ma-

166 2998 301 3068 gnopere
330 2974 596 3042 monasteriorum·
614 2970 791 3051 rationem3
824 2991 961 3057 namque
996 2968 1149 3035 scholares

166 3090 571 3191 cum.magistris,olaustris
582 3086 715 3180 collegii
726 3090 1075 3171 inclusi,umbratioam
1086 3091 1151 3156 fere
1180 3173 1181 3177 Ἰ

135 3249 138 3256 ·
167 3222 300 3314 agebant
330 3219 425 3285 vitam
436 3265 447 3298 ‚
469 3229 501 3280 et
519 3211 683 3302 disciplinal
703 3211 837 3302 quadam
854 3212 1040 3279 monachici
1058 3235 1151 3302 rege·

166 3341 280 3410 bantur
309 3365 327 3406 a
357 3334 488 3428 collegii
507 3333 698 3430 Praeposito.
746 3334 846 3420 Quam
866 3334 999 3399 formam
1017 3334 1151 3402 Univer-

166 3466 294 3534 sitatum
310 3454 501 3546 collegialem
517 3452 634 3518 mirum
650 3477 714 3522 non
735 3438 780 3524 cet
797 3429 968 3522 obtinuisse
987 3451 1051 3522 itlis'
1065 3468 1150 3522 tem-

20 3575 22 3580 ’
50 3585 52 3589 ‘
167 3585 313 3676 poribus,
336 3574 449 3668 quihus
464 3571 692 3641 monachismus
710 3577 772 3642 late
790 3576 856 3641 vim
875 3597 961 3643 suam
980 3578 1150 3646 asserebat.

168 3706 226 3774 Uti
245 3698 383 3768 enimes
402 3695 615 3777 monasteriis,
634 3696 789 3787 imprimis
809 3720 845 3764 er
863 3697 994 3766 Becensi
1006 3696 1048 3791 in
1069 3698 1150 3766 Nor·

164 3820 293 3897 mannia
301 3864 313 3900 ,
326 3814 449 3910 ¹prodiit
467 3817 500 3883 in
519 3816 703 3886 Academias
717 3819 934 3912 philosophia,
951 3842 1031 3919 quae
1047 3832 1079 3886 et
1094 3840 1149 3884 ro·

208 4079 216 4115 ¹
235 4079 295 4131 vin.
313 4080 430 4130 Heluam.
449 4078 508 4130 Vol.
527 4079 550 4131 1.
570 4095 597 4145 p.
611 4079 672 4130 263.
