2586 4718
641 282 704 346 192

177 501 350 570 Indciessus
368 513 435 566 erat
453 500 485 564 in
505 495 701 589 propagandi
721 495 856 564 Wicliffi
872 495 1030 580 doctrinh,
1044 501 1098 566 cui
1117 500 1163 568 de

180 625 241 690 suis
267 622 389 712 placitis
418 619 502 686 haud
522 642 592 684 raro
612 616 765 709 quaedam
783 617 962 707 adjiciebat.
1010 618 1163 712 Simplici

119 702 130 727 ο
177 745 296 810 ratione
319 742 405 808 laicis
424 740 629 831 Eluangelium
646 739 876 821 annuntiabat,
902 742 1024 830 orisque
1043 742 1162 810 facun-

177 864 228 931 dit
259 864 365 930 multis
382 848 609 955 persuadebit,
634 875 669 927 ut
686 862 829 954 fugerent
850 854 1104 931 Ecclesiae'ritia
1125 878 1165 934 et

173 997 295 1064 'errores
317 991 344 1054 ¹.
400 981 557 1051 lohannes
585 981 804 1066 Ashwarbius,
837 981 1013 1050 adolescens
1041 982 1162 1052 Oronii

179 1107 269 1173 bonis
295 1105 392 1172 literis
418 1127 544 1195 operam
572 1125 705 1185 navans,
738 1104 861 1170 insolito
889 1102 1030 1170 discendi
1048 1104 1163 1174 ardori

182 1249 325 1317 magnam
348 1226 502 1316 jungebat
520 1223 723 1315 probitatem.
770 1222 891 1290 Deinde
909 1225 1009 1291 socius
1027 1222 1166 1318 Gollegii

183 1347 350 1417 Orielensis
378 1359 539 1437 cooptatus
568 1358 600 1412 et
632 1345 805 1435 theologiae
834 1345 986 1436 professor
1016 1360 1168 1432 creatus,

182 1466 295 1534 diserte
326 1478 420 1557 atque
451 1465 601 1532 acerrimi
626 1463 862 1555 argumentandi
881 1466 1000 1532 ratione
1017 1488 1168 1560 propug-

182 1590 278 1655 nabat
295 1561 428 1654 Wicliffi
439 1636 450 1668 ,
474 1587 534 1652 riri
554 1588 613 1677 ipsi
634 1587 895 1676 conjunctissimi,
921 1587 1046 1676 placite.
1098 1589 1165 1655 Vi·

182 1709 259 1777 carii
285 1731 413 1774 munere
440 1730 564 1799 quoque
593 1708 716 1773 functus
735 1709 768 1772 in
787 1705 875 1774 Aede
895 1705 1003 1774 beatae
1020 1709 1165 1799 Virginis

184 1829 296 1898 0xonii
315 1838 343 1899 ².
384 1827 548 1901 Fidissimi
574 1827 667 1894 etiam
697 1828 824 1897 comites
842 1827 977 1895 Wicliffi
994 1827 1056 1895 boc
1074 1842 1167 1896 rema

181 1972 258 2041 pore
278 1961 364 2016 erant
382 1948 545 2041 Philippus
564 1946 800 2040 Repingdonus,
826 1947 984 2038 theologus
1002 1946 1167 2017 0xonien-

183 2071 223 2137 sis
243 2085 274 2138 et
292 2069 450 2135 Ecclesiae
467 2066 681 2136 Licestriensis
700 2070 866 2136 canonicus
885 2070 1050 2159 regularis:
1072 2071 1167 2139 Lau-

182 2191 301 2257 rentius
318 2188 553 2270 Bedemannus,
569 2189 683 2256 artium
702 2190 861 2279 magister:
884 2188 1018 2257 Thomas
1027 2191 1168 2280 might-
1192 2199 1195 2207 '

183 2313 289 2380 wallus
301 2362 311 2394 ,
345 2335 362 2378 e
392 2310 532 2401 Collegio
559 2310 748 2378 Mertonensi
760 2359 770 2391 ,
794 2310 968 2402 theologiae
985 2313 1165 2403 professor:

99 2452 101 2455 ’
183 2434 346 2502 Gualterus
366 2430 516 2509 Brithus‚
541 2431 668 2523 insignis
687 2432 739 2497 ittt
760 2443 859 2498 aetate
878 2432 1115 2511 mathematicus
1135 2444 1166 2508 ³.

181 2552 340 2622 Johannes
368 2555 542 2633 Purraeus,
576 2553 630 2642 qui
661 2551 695 2617 id
729 2554 876 2644 temporis
899 2547 1031 2644 juvenili
1056 2553 1166 2624 adhuc

185 2674 277 2740 fuisse
297 2685 396 2738 aetate
413 2670 553 2764 ridetur,
573 2672 713 2755 Wicliffo
735 2674 768 2738 in
787 2673 941 2764 theologia
958 2690 1167 2767 praeceptore
1263 2697 1268 2705 '

184 2774 254 2859 usus
270 2805 332 2869 est,
349 2805 380 2858 et
397 2805 497 2858 tantos
515 2792 547 2857 in
565 2789 626 2857 hac
644 2791 806 2883 disciplind
826 2795 901 2862 fecit
920 2802 1169 2888 progressus,ut'

183 2914 352 3005 permultos
381 2912 528 3004 deinceps
553 2912 593 2978 ad
614 2937 682 2981 suas
694 2915 837 2983 'allexerit
855 2917 1016 2989 lectiones.
1063 2918 1167 2985 Tali-

136 3043 138 3050 ‘
184 3044 318 3126 terque,
342 3034 386 3101 ait
405 3035 538 3117 Baleus,
562 3040 790 3103 secretissimus
808 3040 913 3118 vixit,
937 3047 974 3104 ut
993 3061 1053 3115 ec,
1076 3062 1166 3129 quoe

182 3180 224 3222 ex
253 3156 445 3248 Iduccgch'o
468 3161 530 3248 pie
553 3157 721 3225 didicerat
739 3183 780 3224 cc
798 3159 975 3240 docuerat,
987 3162 1166 3251 piissrinr‘e

130 3336 134 3340 .
184 3280 274 3343 vitae
293 3278 454 3368 exemplis
473 3302 597 3370 quoquc
611 3288 813 3370 proponeret
832 3281 1001 3346 imitando
1012 3285 1040 3351 ⁴.

215 3502 225 3536 1
251 3501 292 3550 Gi.
316 3499 464 3565 Knyghtuu.
488 3516 514 3566 p.
542 3501 612 3552 26⁵8
638 3517 696 3567 sqq.
723 3528 758 3542 -
782 3503 794 3540 ²
819 3503 917 3559 Wood.
934 3504 989 3557 tib.
1009 3505 1033 3558 1.
1051 3521 1078 3572 p.
1099 3504 1171 3572 1863

249 3581 305 3634 tib.
327 3583 362 3631 11.
379 3599 405 3647 p.
426 3583 483 3632 106.
503 3609 535 3638 -,
554 3585 654 3636 Bnleus.
674 3587 748 3637 Ceut.
768 3586 794 3637 6.
807 3602 840 3653 p.
857 3585 918 3640 498.
1057 3605 1058 3608 ’

218 3668 230 3703 ⁸
256 3666 314 3717 vid.-
333 3666 365 3716 de
381 3668 426 3717 illo
443 3684 534 3732 supra,
555 3684 615 3735 pag.
635 3669 677 3721 70.
950 3667 951 3670 Ἴ

217 3753 228 3788 ⁴
254 3752 329 3801 Ceut.
358 3750 383 3802 7.
410 3742 444 3816 pr
464 3751 525 3803 541.
550 3779 582 3790 -
603 3755 698 3804 Nomen
713 3755 771 3819 ejua
785 3755 894 3819 Anglice
908 3757 1029 3822 acrihitur
1047 3759 1176 3822 Pnrreye.

249 3835 419 3900 knyghtonua
438 3853 494 3886 eum
520 3825 679 3904 capellanum
694 3839 774 3900 dixit,
794 3841 928 3906 virumque
948 3844 1073 3907 gravitate
1092 3842 1178 3907 inrig-

249 3937 317 3971 nem.
341 3936 368 3986 p.
386 3919 465 3972 2660.
502 3923 596 3973 Crebro
613 3925 689 3976 rerba
712 3927 744 3977 ad
763 3928 886 3994 populum
906 3930 1036 3999 faciebat,
1056 3927 1178 3980 homiues
1237 3973 1241 3980 .

250 4023 264 4054 a
282 4007 394 4074 pecualia
411 4022 541 4062 revocant.
