2586 4718
560 326 620 385 159

141 539 276 631 Juvenili
299 540 366 626 jam
394 547 516 615 aetate,
545 547 580 601 ut
608 534 765 615 vidimus,
800 534 957 602 Wicliffus
986 537 1088 629 legere

97 660 251 753 imprimis
278 658 374 725 libros
402 677 504 755 sacros
530 654 673 736 amabat,
698 655 795 745 inque
816 675 868 720 eos
891 655 1015 722 assidue
1034 657 1088 723 in-

98 783 224 873 quirere
255 800 377 870 semper
404 778 436 841 in
463 775 583 842 deliciis
603 774 754 844 habebat.
802 776 871 861 Quo
893 790 997 843 autern
1017 800 1090 844 ma·

98 903 144 994 gis
171 902 260 967 illum
287 899 394 966 adibat
422 896 584 985 doctrinae
614 894 813 963 Christianae
837 897 977 979 fontem,
998 911 1092 989 atque

102 1045 189 1091 suam
207 1020 280 1087 inde
300 1019 463 1086 hauriebat
482 1017 600 1101 fidem,
632 1040 669 1084 eo
689 1016 903 1109 perspiciebat
921 1021 1020 1109 magis
1036 1041 1092 1084 er-

99 1166 184 1211 rores
213 1155 246 1209 et
274 1142 350 1207 sitia
380 1139 562 1222 doctrinae,
595 1161 674 1230 quae
702 1140 734 1203 in
762 1138 902 1225 Ecclesid
928 1139 1093 1206 Pontifioid

102 1275 170 1329 erat
189 1275 327 1352 recepta.
376 1259 426 1328 ld
446 1259 527 1326 hanc
546 1260 641 1349 igitur
659 1258 853 1351 purgandam
876 1273 908 1328 et
927 1261 1095 1328 emendan-

103 1381 181 1449 dam
224 1404 308 1447 nunc
335 1401 513 1473 progressus
543 1393 607 1450 est:
644 1394 741 1471 utque
772 1381 845 1447 laici
875 1378 915 1447 de
942 1382 1095 1450 sentiendi

106 1502 330 1602 cogitandique
365 1503 461 1593 ipsius
497 1503 618 1568 ratione
649 1500 794 1591 judicare
823 1516 968 1593 possent,
1002 1517 1096 1595 atque

106 1626 210 1717 ipsum
242 1625 324 1691 inter
352 1636 385 1690 et
414 1624 584 1714 Episcopus
613 1636 713 1690 essent
743 1623 875 1704 arbitri,
906 1626 1029 1716 copiam
1058 1626 1097 1692 iis
1143 1670 1146 1675 -

108 1747 185 1812 lecit
210 1744 333 1837 legendi
355 1743 510 1811 .Codicem
530 1766 651 1810 sacrum
672 1757 703 1811 et
722 1744 918 1810 examinandi
938 1747 1097 1813 Ecclesiae

108 1865 266 1956 dogmata.
314 1864 561 1940 Commendabat
584 1865 677 1929 -enim
707 1865 821 1953 scripta
843 1888 928 1931 sacra
949 1877 1098 1955 tanquam

108 1987 235 2054 unicam
259 1985 335 2052 fidei
356 2007 499 2051 normam
519 1984 664 2048 omnibns
681 1981 861 2049 hominibus
872 2033 883 2063 ,
903 1997 968 2050 tam
986 1987 1075 2054 laicis
1086 2037 1096 2070 ,

106 2130 203 2198 quam
232 2106 375 2183 clericis,
399 2116 430 2167 et
449 2100 671 2167 exhortabatur
691 2101 808 2182 laicos,
828 2126 869 2170 ne
888 2105 921 2171 irr
940 2106 1098 2174 Ecclesiae

49 2302 54 2315 Ι
108 2225 295 2292 sententiam
310 2225 453 2312 jurarent
471 2224 520 2288 rel
539 2223 572 2287 in
591 2223 627 2288 ed
646 2224 894 2311 acquiescerent,
916 2227 970 2294 sed
987 2243 1021 2297 ut
1038 2231 1098 2321 ipsi
1176 2271 1178 2275 ·

106 2344 301 2433 inquirerent
338 2343 473 2433 ipsi—que·
492 2341 684 2432 judicarent.
738 2344 792 2412 Sic
828 2345 956 2413 demum
968 2397 978 2430 ,
1008 2350 1097 2419 aditu

106 2464 276 2555 unicuique
305 2463 378 2531 dato
405 2463 445 2528 ad
475 2464 578 2554 ipsum
608 2464 753 2544 fontem,
783 2465 868 2533 unde
895 2470 948 2535 illa
972 2486 1096 2540 emanat

103 2584 248 2654 doctrina
260 2611 280 2666 ,¹
296 2607 376 2677 quae
393 2608 489 2675 genus
507 2584 680 2651 humanum
698 2600 819 2653 recreet
840 2601 872 2655 et
890 2590 985 2674 beat,
1006 2594 1074 2661 fore
1084 2645 1095 2677 ,

104 2720 141 2774 ut
169 2706 278 2796 religio
308 2703 482 2772 Christiana
511 2706 592 2772 laete
612 2705 715 2774 denuo
736 2709 854 2799 rigeret
872 2734 1024 2804 suamque
1043 2736 1095 2782 er·

105 2840 220 2895 sereret
249 2826 312 2892 vim
340 2827 372 2891 in
402 2848 527 2893 omnem
547 2825 709 2893 hominum
731 2832 934 2915 societatem,
963 2857 1096 2926 persua-

104 2949 257 3016 sissimum
285 2945 347 3012 sibi
375 2945 500 3016 habuit.
549 2948 618 3014 lluo
648 2950 767 3018 scilicet
791 2966 971 3042 spectarunt
990 2959 1094 3023 omnia

102 3068 239 3140 Wicliffi
258 3067 360 3134 studia
379 3079 411 3134 et
431 3079 558 3134 conatus
577 3069 769 3135 reformandi
788 3094 907 3142 omncs.

152 3311 385 3402 Saepenumero
401 3308 561 3377 Wicliffus
578 3310 740 3376 vernaculi
760 3310 866 3400 linguai
885 3313 1042 3384 scribebat
1056 3317 1096 3386 de

108 3432 267 3499 Ecclesiae
285 3431 369 3499 vitiis
380 3460 388 3500 :
401 3432 664 3499 orationessacras
676 3430 893 3522 ,quashabuit
903 3437 1074 3525 permultas
1084 3488 1094 3522 ,
1115 3419 1120 3436 ’

111 3552 282 3642 intelligere
302 3577 406 3621 omnes
426 3566 588 3644 poterant,
608 3553 715 3620 clerici
734 3567 766 3620 et
785 3554 876 3638 laici,
896 3555 982 3624 docti
997 3561 1096 3626 etin·

113 3671 216 3754 docti,
235 3652 355 3742 nobiles
366 3689 397 3747 et
415 3676 549 3766 plebeji:
570 3699 643 3741 nam
659 3678 691 3742 in
707 3692 850 3768 suggestu
866 3702 952 3747 sacro
969 3681 1095 3748 dicebat

111 3794 255 3886 huglioe.
263 3797 368 3884 Atque
376 3794 454 3862 haec
464 3799 531 3886 ejus
541 3796 732 3864 consuetudo
742 3799 845 3888 patrio
855 3822 1013 3882 sermone,
1025 3815 1093 3868 tum

100 3914 320 3985 annuntiandi
350 3915 573 4008 Euangelium,
598 3934 666 3987 tum
691 3920 848 3987 scribendi
871 3943 1092 4013 saepenumero

109 4037 261 4108 derebus
279 4036 462 4127 theologicis
480 4053 512 4108 et
531 4042 771 4126 Ecclesiasticis‚
789 4042 989 4112 llierarchiae
1003 4043 1094 4111 ralde
