2586 4718
605 290 657 404 'rt

202 553 358 622 Wicliffus
382 553 476 642 igitur
501 550 712 642 theologiam,
741 573 822 642 quae
848 553 882 619 in
900 551 1012 621 scholis
1029 553 1133 624 domi·

155 676 309 756 nubatur,
338 687 548 765 pertractans,
580 673 692 740 ducem
711 672 906 763 potissimum
928 688 1050 747 secutus
1069 698 1134 759 erse
1190 748 1192 755 y

156 797 282 865 ridetur
307 799 433 864 Petrum
463 794 693 876 Lombardum,
723 782 810 884 cujus
838 801 1040 880 sententiaa,
1062 819 1135 864 mo-

160 918 213 986 dio
232 941 325 1001 aero,
347 916 520 984 diutissime
530 919 709 1004 ἐγχειρίδιον
718 916 805 983 fuera
815 915 1042 1008 theologorum.
1066 918 1138 986 hn-

160 1042 289 1108 selmum
308 1061 433 1130 quoque
451 1038 554 1129 magni
574 1039 770 1119 aestimarit,
791 1039 845 1128 qui
864 1038 993 1130 quidem
1010 1040 1138 1131 proprie

159 1163 220 1229 fuit
243 1163 384 1253 primus,
415 1160 470 1250 qui
494 1159 771 1250 theologiamcum
791 1158 988 1251 philosophiis
1006 1163 1145 1251 conjun-⁴

161 1294 270 1371 geret,
296 1282 380 1348 illam
400 1292 502 1346 autem
521 1280 771 1369 conjunctionem
787 1280 831 1346 sic
850 1281 999 1371 cogitasse
1018 1281 1140 1349 ridetur

162 1402 346 1482 Anselmus,
369 1413 402 1468 ut
420 1399 638 1490 philosophiae
656 1421 715 1488 ope
735 1399 977 1489 intelligeremus
990 1423 1139 1492 ea,-quae

161 1523 224 1589 fide
238 1527 307 1613 jam
325 1544 430 1588 sumus
449 1522 584 1612 amplexi
596 1528 623 1589 ¹.
650 1519 758 1587 Sancti
777 1520 861 1586 illius
879 1518 1031 1586 Bernardi
1045 1521 1141 1588 etium

161 1646 275 1735 scripta
295 1636 471 1734 selegisse,
490 1643 553 1709 sir'e
573 1639 634 1708 hoc
650 1653 816 1730 tempore,
835 1642 898 1708 sire
916 1654 1045 1733 postea,
1065 1643 1143 1711 wi.

161 1765 260 1836 cliffus
275 1767 308 1832 in
326 1766 388 1832 suis
402 1764 525 1855 scriptis
543 1763 706 1852 probarit3
724 1775 755 1830 et
773 1763 886 1830 multos
896 1764 1143 1853 praetereaalios
1213 1833 1215 1838 ,

163 1886 261 1953 medii
280 1887 347 1951 aeri
367 1886 544 1976 scriptores.
570 1888 631 1966 ht,
647 1883 721 1950 licet
742 1883 785 1948 ita
800 1876 930 1972 quidem
945 1906 977 1949 se
986 1884 1144 1950 imbueret
1162 1880 1167 1890 “

163 2006 304 2075 doctrici
321 2005 583 2074 scholasticorum
598 2003 813 2089 aliorumque,
828 2002 976 2088 placebat
995 2014 1098 2068 tamen
1114 2004 1144 2069 ei

163 2128 261 2194 multo
282 2124 379 2212 magis
398 2121 576 2209 theologia,
598 2142 679 2210 quae
698 2118 881 2203 dicebatur,
896 2120 1037 2203 Biblica3
1058 2120 1146 2190 ideo-

164 2269 226 2337 que
244 2245 436 2332 antiquiores
455 2239 590 2308 studiose
609 2242 733 2331 legebat
753 2242 992 2332 scriptores,·er
1001 2241 1145 2309 Patribus

164 2346 286 2432 Latinis
294 2363 426 2430 maxime
437 2360 644 2451 Augustinum
652 2413 662 2444 ,
678 2363 732 2453 qui
744 2337 913 2453 plurimum
930 2363 1053 2430 valebat
1069 2385 1143 2429 auc·

163 2487 290 2554 toritate
309 2483 393 2575 apud
410 2485 599 2566 Ecclesiam,
618 2497 685 2550 tum
703 2489 799 2550 etiam
810 2483 1055 2572 Hieronymum,
1066 2489 1144 2554 Am-

164 2607 323 2687 brosium,
334 2604 541 2695 Gregorium,
555 2627 630 2693 quos
641 2575 1028 2694 frequentermemorarit.
1052 2607 1147 2676 Unde

165 2748 238 2794 raro
258 2747 403 2816 germana
422 2722 550 2790 demum
560 2722 715 2813 theologia
725 2737 848 2792 emanat
859 2774 869 2806 ,
880 2725 981 2815 ipsum
994 2725 1144 2794 codicem

88 2880 98 2898 ·
165 2836 294 2916 sacrani·
303 2847 457 2937 imprimis
475 2845 562 2912 adire
581 2845 715 2917 solebat:
734 2867 838 2937 neque
849 2857 970 2913 tautum
982 2846 1038 2918 hos
1047 2849 1145 2917 libros

162 2971 285 3060 legebat
296 2989 432 3050 ,rerum
449 2967 568 3033 intente
587 2966 621 3031 in
640 2988 691 3033 eos
712 2967 911 3057 inquirebat,
936 2967 979 3034 ita
1002 2980 1055 3050 ut,
1075 2983 1144 3060 post

164 3090 301 3158 studium
317 3088 474 3156 assiduum
485 3109 658 3176 ,perquam
673 3087 826 3154 meditate
844 3110 896 3154 eos
905 3101 1038 3157 teneret.
1061 3090 1146 3157 llinc

121 3189 122 3192 Ἴ
165 3212 260 3300 igitur
280 3211 398 3276 lactum
417 3220 480 3289 est,
499 3205 604 3297 prouti
625 3228 747 3286 omnes,
770 3219 924 3297 quotquot
943 3208 1004 3274 illis
1023 3219 1144 3299 tempo·

163 3332 252 3400 ribus·
268 3331 301 3397 in
321 3326 518 3422 philosophiis
537 3340 569 3393 et
591 3325 745 3416 theologii
763 3326 953 3409 eminerent,
979 3328 1144 3413 doctoris,

44 3459 46 3463 ’
159 3451 229 3520 ⁴sire
258 3450 453 3542 seraphici,
482 3447 545 3515 sire
574 3448 798 3531 insiccabilis,
817 3447 881 3514 sire
892 3451 1077 3540 prqicodi,
1097 3453 1145 3520 rel

231 3723 380 3789 theologum
403 3726 497 3784 decet,
517 3742 645 3791 quamque
662 3728 744 3778 omnis
760 3727 838 3778 dehet
862 3723 1000 3793 theologus
1013 3736 1151 3795 expetere,

231 3825 298 3874 quaa
314 3825 366 3858 non
383 3812 456 3861 modo
471 3812 633 3863 intellectum
646 3813 775 3874 instruat,
792 3812 837 3863 aad
852 3812 971 3863 infundat
985 3814 1060 3863 simul
1074 3818 1153 3878 atque

167 3884 183 3915 Α·
232 3894 332 3944 imbuat
348 3880 500 3946 arrectumrf
807 3895 808 3900 ’
1167 3901 1174 3912 “

176 3966 190 3974 ”
201 3968 224 4016 1’
238 3965 330 4047 Neque
349 3981 421 4031 enim
432 3996 535 4048 quaero
549 3982 719 4046 intelligere,
737 3982 788 4044 ait,
805 3988 838 4033 ot
852 3982 977 4045 credam,
995 3983 1041 4034 esd
1056 3983 1151 4046 endo,

154 4058 157 4068 '
233 4074 264 4118 ut
284 4066 447 4133 intelligam.
486 4051 730 4134 Proetoqrmar'p.
747 4068 770 4118 1.
790 4068 816 4120 in
832 4054 895 4116 liris.
