2586 4718
639 317 702 378 232

198 534 292 600 etiam
316 528 473 596 Wicliffus
492 527 651 594 consuevit
670 538 791 594 coetum
812 525 1094 592 Luterbrortanum
1116 550 1192 594 soe-

198 673 368 745 penumero
402 646 535 714 dicendo
569 659 675 715 tenere
709 646 749 713 de
776 645 931 713 Ecclesiae
959 640 1190 715 reformatione

198 793 348 865 perquam
377 769 569 849 necessarid,
598 790 670 834 cunr
697 790 819 834 morum
850 780 882 833 et
909 768 1089 858 regiminis,
1112 782 1188 836 tnnr

202 893 363 962 doctrinae
390 904 422 958 et
450 911 606 956 sacrorum
630 888 893 958 habitatatione.
940 887 981 955 Et
999 888 1130 978 quoties.
1145 887 1189 956 de

198 1013 260 1081 hoc
283 1023 466 1105 argumento
477 1061 488 1094 ,
514 1008 585 1077 datd
602 1011 717 1100 opera,
737 1007 838 1074 rerba·
854 1008 1007 1090 faciebat,
1030 1011 1078 1076 tel
1099 1033 1190 1101 quo-

200 1135 259 1202 ties
277 1134 420 1224 epistolas
439 1131 632 1222 Apostolicas
648 1144 680 1198 et
699 1130 1188 1219 Euangelistarommonumenta

200 1254 240 1323 de
263 1255 326 1322 vital
350 1253 427 1320 Jesu
455 1255 583 1343 ejusque
610 1251 832 1343 discipulorum
851 1249 973 1316 aliudve
992 1251 1189 1343 scriptume

200 1375 315 1443 Codice
345 1398 431 1442 sacro
462 1373 657 1465 exponebat,
684 1372 777 1440 toties
807 1371 847 1438 ad
873 1371 1106 1459 auditorumssse
1129 1399 1186 1442 ac·

193 1477 417 1567 ‘commodabat
445 1495 707 1585 intelligentiam,
741 1507 836 1585 atque
863 1492 987 1561 dicebat
1015 1495 1188 1586 perspicue

196 1633 227 1686 et
256 1619 367 1707 magud
395 1638 468 1683 cum
495 1615 545 1685 ri:
579 1613 664 1706 quod
693 1637 730 1680 er
758 1615 950 1682 orationibus
974 1616 1038 1704 ejus
1063 1619 1185 1700 sacris,

197 1763 329 1831 quarum
348 1760 476 1828 magnus
495 1735 599 1803 adbuc
618 1747 713 1803 exstat
732 1757 899 1818 numerus,
921 1735 999 1802 effici
1022 1751 1141 1828 potest.

187 2036 191 2041 .
241 1984 308 2052 Nec
332 2004 406 2050 roro
429 1983 534 2048 minus
552 1981 710 2049 Wicliffus
721 2027 733 2062 ,
746 1997 850 2071 ‘quum
868 1979 1063 2048 Luterororti
1083 1978 1189 2048 habi-

196 2103 304 2185 tabat,
332 2118 457 2195 tempus
483 2115 515 2170 et
544 2100 680 2169 studium
708 2100 865 2193 impendit
884 2099 924 2166 ad
944 2122 1010 2166 rem
1031 2101 1187 2171 afflictam

196 2194 407 2291 Christianam
436 2223 560 2315 scriptis
586 2223 649 2289 suis
679 2221 874 2295 excitandam
893 2236 986 2312 atque
1004 2223 1186 2292 instauran-

198 2344 282 2415 dam.
328 2345 421 2412 Plura
448 2343 510 2411 boc
538 2343 687 2434 temporis
713 2343 817 2434 spatio
836 2344 983 2433 opuscula
1003 2343 1043 2409 ab
1060 2365 1100 2411 eo
1118 2367 1189 2414 esse
1273 2427 1278 2437 Ι

187 2453 391 2558 composita,
412 2464 539 2556 probari
557 2476 659 2555 potest
678 2464 890 2554 argumentis,
911 2487 946 2531 er
965 2463 1015 2530 his
1032 2465 1107 2555 ipsis
1125 2490 1188 2557 pe·

92 2603 93 2609 ’
196 2587 273 2656 titis.
320 2585 499 2675 Respicitur
517 2585 602 2651 eninr
622 2585 654 2650 in
675 2585 712 2651 iis
723 2635 733 2666 ,
752 2608 832 2676 quae
850 2609 936 2653 nunc
953 2587 1187 2676 significamus,

196 2708 319 2797 scriptis
351 2704 390 2770 ad
418 2717 559 2796 tempora
588 2706 777 2796 praeterita,
805 2728 917 2798 resque
943 2722 1183 2792 memorantur,

194 2849 275 2917 quae
298 2825 348 2919 ¹rel
368 2838 441 2891 ante
459 2847 576 2894 annum
599 2829 685 2893 1382
707 2826 906 2910 acciderant,
928 2831 1103 2922 vol-postea
1124 2831 1183 2898 de-

191 2960 282 3014 mum
311 2954 520 3017 evenerunt&
567 2945 728 3038 Imprimis
757 2949 903 3041 frequens
927 2950 1044 3022 mentio
1063 2954 1095 3019 in
1117 2954 1184 3022 illis

305 3128 340 3178 Io
358 3104 496 3189 ololneos,
512 3144 565 3179 nor
581 3132 613 3179 ln
629 3131 773 3199 mirallas,
790 3135 838 3199 for
857 3139 884 3183 to
902 3135 968 3204 olslt
991 3176 993 3180 ,
1100 3198 1104 3206 ¹

310 3214 333 3262 T
332 3215 365 3264 be
376 3214 503 3278 furtboat
519 3214 551 3263 lo
569 3215 612 3265 lrr‘o
627 3217 743 3280 portal,
763 3223 840 3281 qreot
857 3232 888 3266 or
905 3218 990 3283 Hyla,
1054 3268 1057 3274 ,

311 3299 385 3365 Upon
404 3299 447 3349 llo
459 3300 538 3366 joel,
559 3302 615 3350 oud
631 3303 663 3350 lrt
681 3302 724 3351 blo
742 3302 816 3351 band
832 3317 849 3352 o
867 3304 941 3370 staff.

304 3470 326 3518 A
345 3469 431 3519 letter
447 3471 535 3534 polest
553 3469 572 3519 Ι
587 3476 671 3534 troto,
692 3485 728 3519 uo
744 3485 815 3520 soora
834 3471 908 3521 tlara
926 3474 968 3532 o'o,

304 3551 343 3600 tte
360 3553 460 3601 wolted
477 3556 552 3620 ustor
567 3569 603 3602 uo
617 3569 701 3618 pomp
719 3569 771 3604 utor
788 3568 945 3615 cavarocca,

305 3636 343 3684 lle
361 3638 438 3685 morlo
456 3635 570 3691 llmsolf
578 3651 618 3691 ‚no
635 3637 728 3702 oplcod
744 3638 914 3698 conscience,

304 3721 361 3770 But
382 3722 500 3772 Clrrlot’o
518 3720 593 3779 toro,
614 3721 670 3769 oud
687 3721 731 3790 llo
748 3721 871 3785 Apostles
890 3721 983 3771 twaloo
1016 3773 1018 3776 ,

304 3806 342 3856 ue
361 3807 470 3871 tooqlrt,
491 3804 538 3853 but
550 3804 619 3868 firol
636 3804 669 3853 bo
681 3805 811 3870 followed
827 3807 852 3854 lt
870 3805 989 3872 himself.

221 3897 231 3929 ¹
255 3892 351 3942 Horum
365 3889 489 3939 nonnulla
503 3905 518 3938 a
531 3886 646 3938 Wicliffo
659 3889 714 3952 jam
730 3887 798 3939 edita
816 3891 894 3942 tuisse
911 3896 972 3942 ante
986 3891 1177 3956 aunum1378‚

254 3977 346 4027 statuit
369 3972 498 4023 Lewioiuo.
534 3961 583 4020 Sed
602 3973 735 4021 maximam
754 3971 879 4024 habemus
895 3975 1001 4040 gratiam
1020 3974 1181 4040 laughano,

166 4124 174 4136 ι
252 4062 297 4124 qui
314 4056 429 4116 oumnrd,
449 4071 499 4119 qua
517 4055 601 4120 tolet,
617 4056 757 4123 sagacilate
774 4057 908 4126 probavit,
923 4061 1012 4112 emisso
1029 4061 1073 4110 illa
1092 4061 1117 4110 in
1140 4063 1182 4113 lu-
