2586 4718
685 330 703 390 8

128 634 131 639 ἣ
168 532 171 536 “
212 545 270 610 bus
287 541 411 608 excitati
426 537 577 606 vaticiniis
592 536 790 620 Franciscani
803 537 988 631 spirituales
1000 565 1024 610 s.
1035 541 1188 611 Zelatores
1267 592 1270 597 -

209 664 377 732 certissime
394 661 609 752 exspectabant
630 662 783 727 sacculum
802 661 938 751 Spiritus
956 662 1074 731 Sancti.
1095 666 1185 754 Apo-

210 784 339 875 calypsis
357 783 520 850 Johunnea
539 781 832 849 accommodabatur
848 782 1025 872 frequenter
1038 785 1098 850 isto
1113 807 1188 853 aero

209 902 249 969 ad
278 925 452 993 perversam
481 902 637 968 Ecclesiae
663 902 827 971 rationem.
883 902 993 992 Neque
1021 903 1187 972 defuerunt

207 1024 326 1104 etiam,
345 1024 418 1113 qui,
429 1044 550 1090 morum
567 1022 708 1088 universe
719 1021 966 1113 depravationem
978 1022 1186 1104 advertentes,

207 1146 357 1236 populum
375 1145 407 1209 in
426 1143 625 1210 concionibus
644 1144 736 1209 sacris
754 1143 794 1208 ad
818 1144 1040 1234 poenitentiam
1067 1144 1185 1212 adhor-

204 1273 383 1344 tarenturl.
921 1268 924 1275 '

250 1384 345 1476 Apud
373 1405 498 1474 gregem
523 1405 595 1451 aero
619 1380 868 1481 haereticorum,
891 1385 947 1475 qui
968 1385 1089 1452 saeculo
1118 1385 1180 1453 IIII

95 1494 103 1516 ⁴
206 1518 238 1572 ct
262 1505 341 1573 XIII
360 1527 416 1596 per
435 1516 532 1571 totam
552 1503 616 1570 lere
635 1503 792 1594 Europam
813 1505 958 1606 Latinam
977 1504 1183 1595 dispersi'ha*

204 1627 380 1706 bebantur,
413 1647 475 1690 uon
499 1624 705 1713 querimonias
729 1638 848 1692 tautum
865 1626 906 1690 de
924 1625 1097 1692 miserrimi
1117 1626 1182 1690 Ec-

205 1747 315 1813 clesiae
333 1743 511 1811 conditione
527 1746 715 1834 reperimus,
733 1747 952 1812 verumetiam
971 1745 1071 1812 studia
1087 1769 1181 1853 quae·

204 1864 276 1932 dam
300 1842 515 1932 reformandae
535 1864 716 1946 doctrinae,
734 1888 814 1955 quac
836 1867 868 1931 in
887 1867 1024 1933 Ecclesia
1042 1879 1108 1933 erat
1127 1888 1183 1931 rc-

201 2001 313 2080 capta3
340 2012 358 2053 a
373 1989 433 2079 qua
457 2009 553 2076 quum
569 1985 602 2051 in
622 1987 727 2054 multis
745 1985 946 2068 recederent,
961 2009 979 2053 e
997 2010 1115 2078 gremio
1126 2010 1179 2053 suo

204 2109 381 2176 dimittebat
396 2123 461 2174 'eos
480 2108 602 2175 ‘Sancta
631 2108 755 2189 Mater,
779 2107 892 2199 eoaque
908 2108 1061 2177 dirissime
1078 2131 1183 2199 saepe-

201 2228 474 2297 numeroverabat
485 2278 495 2311 ,
511 2242 545 2295 ut
565 2226 604 2294 ad
622 2228 718 2295 fidem
739 2230 1082 2299 Romano-catholicam
1103 2232 1183 2320 ipsos

202 2351 376 2421 reduceret.
410 2351 468 2416 Per
486 2351 597 2417 multas
616 2350 721 2418 autem
740 2348 842 2416 diffusi
861 2352 1018 2439 regiones,
1043 2366 1074 2416 et
1094 2373 1185 2439 span»
1237 2405 1240 2411 ,

0 2516 2 2525 ·
97 2465 104 2486 Χ
203 2486 309 2564 gentes
329 2474 409 2538 inter
428 2472 578 2562 populum
597 2472 714 2563 placita
733 2494 785 2538 sua
797 2520 808 2552 ,
825 2471 996 2538 Ecclesiam
1014 2471 1184 2535 Romanam

57 2603 58 2606 ’
98 2613 102 2618 ’
202 2592 290 2661 valde
310 2592 522 2662 sollicitarunt.

248 2716 395 2782 Attamen
410 2737 472 2780 non
489 2736 615 2805 omnes,
634 2712 688 2802 qui
708 2710 768 2777 illis
787 2710 981 2799 temporibus
998 2712 1030 2773 iu
1049 2708 1184 2774 Ecclesia

200 2835 312 2902 Latina
341 2835 542 2913 exstiterunt,
573 2831 723 2898 haeretici
735 2879 745 2912 ,
762 2902 765 2909 ,
780 2830 888 2909 eidem
917 2830 1004 2895 luere
1031 2826 1183 2894 sentiendi

202 2955 342 3036 ratione,
365 2976 468 3044 neque
488 2962 611 3017 morum·
630 2973 661 3016 se
679 2971 777 3039 aeque
792 2946 1052 3014 'commendarunt
1072 2946 1183 3014 hones-

87 3119 95 3132 ι
200 3089 265 3145 tate
285 3073 457 3164 iisdemque
476 3071 562 3139 ducti
582 3051 653 3138 sunt
675 3067 794 3139 studiis.
837 3068 1085 3159 Reperiebantur
1100 3069 1182 3160 apud

98 3193 107 3201 ’
202 3198 365 3282 nonnullos
383 3193 496 3286 placita
516 3190 669 3281 quaedam
690 3188 882 3270 Orientalia,
913 3191 1007 3257 mixta
1027 3213 1097 3257 cum
1117 3189 1184 3257 Oc-

202 3317 429 3395 cidentalibus,
467 3313 612 3413 partim
616 3311 784 3392 obsoletis,
819 3311 935 3401 partim
962 3313 1062 3383 noris:
1098 3312 1182 3401 quod

202 3437 419 3506 affirmandum
447 3431 569 3497 videtur
598 3402 637 3494 de
666 3432 727 3497 illis
761 3431 961 3514 haereticis,·
955 3435 1030 3525 ·qui
1068 3456 1181 3522 magno
1216 3494 1217 3499 ,

201 3581 332 3627 numero
353 3555 386 3618 iu
405 3552 496 3618 ltalia
519 3551 676 3641 superiore
695 3566 726 3619 et
748 3553 845 3621 Gallia
864 3554 1060 3622 meridionali
1083 3554 1182 3622 habe·
1228 3552 1232 3568 '

200 3682 335 3756 bantur,
363 3672 479 3762 cogniti
507 3673 597 3761 uulgo
623 3645 748 3743 nomine
779 3676 841 3744 sire
867 3675 1092 3760 Catharorum,
1118 3678 1182 3744 sire

202 3809 520 3832 ----···-·····-······
587 3826 590 3831 -

230 3884 242 3921 1
265 3881 362 3940 Iuleo,
388 3880 503 3931 sacerdos
522 3886 610 3936 ruralia
629 3887 656 3935 iu
677 3887 829 3954 Episcopatu
846 3891 980 3942 Periclensi
995 3887 1026 3956 (†
1043 3891 1139 3955 1202),
1160 3894 1187 3939 et

261 3965 431 4027 Bartholdue,
459 3968 553 4019 ordinis
583 3971 688 4020 fratrum
718 3975 842 4035 minorum
868 3975 1021 4026 Ratiebouae
1039 3976 1067 4041 (†
1090 3972 1187 4037 1272),

259 4055 378 4117 tanquam
394 4053 518 4118 ejusmodi
536 4060 647 4108 oratores
666 4059 732 4108 sacri
750 4058 847 4123 cogniti
865 4063 934 4109 sunt.
