2586 4718
634 340 698 401 278

183 554 309 623 Scilicet
327 573 424 642 qaum
444 571 505 617 non
522 561 641 640 tantum
657 549 810 620 libertatis
824 548 923 621 civilis
938 571 1042 620 amans
1059 567 1161 636 esset,
1279 583 1283 593 Δ

106 669 164 773 Χ,
187 673 239 741 aad
265 675 314 745 rol
340 671 472 749 maxime
499 669 642 760 flagraret
666 668 776 739 ardore
795 668 949 737 libertatis
966 671 1109 753 moralis,
1129 674 1164 742 in

140 868 152 918 l
187 796 279 863 rebus
309 793 348 864 ad
376 793 557 882 religionem
585 790 814 881 pertinentibus
843 811 968 863 omnem
993 790 1167 863 humanam

126 908 129 917 ’
189 917 352 1008 spernebat
380 915 615 985 auctoritatam:
649 913 778 984 unicum
803 934 876 983 sero
899 911 975 984 fidei
994 912 1113 988 fontem
1134 927 1167 981 et

111 1102 116 1113 .
188 1059 329 1109 normam
358 1034 544 1124 agnoscebat
571 1028 720 1105 codicem
748 1040 881 1106 sacrum.
933 1031 1170 1122 toquentem

189 1157 264 1224 iecit
292 1154 496 1235 traditiones,
524 1168 556 1224 et
586 1153 742 1225 Ecclesiae
760 1153 998 1235 auctoritatem,
1018 1175 1099 1242 quae
1117 1177 1169 1230 sn·

191 1300 300 1368 prema
316 1276 514 1356 habebatur,
534 1298 658 1366 prorsus
675 1275 799 1364 rejecit:
822 1288 948 1364 eatenus
965 1274 1064 1347 solun
1082 1297 1170 1348 cam·

190 1395 352 1488 probanda
379 1419 446 1465 esse
473 1395 550 1463 dixit
575 1395 666 1485 hujus
684 1395 777 1465 effata
797 1407 830 1465 et
849 1395 996 1475 decreta,
1020 1408 1173 1485 quatenus

193 1518 247 1586 iiia
266 1541 336 1590 cum
355 1519 444 1586 iibrio
467 1519 560 1585 sacris
578 1519 800 1607 congruebant.
848 1517 1021 1606 Tantopere
1041 1538 1173 1606 persua-

193 1660 260 1705 sam
289 1638 349 1707 sibi
376 1622 504 1718 inbuit,
533 1636 668 1710 hominis
692 1661 757 1709 csse
781 1660 908 1720 enare,
927 1651 961 1709 ut
980 1637 1107 1713 Urbana
1126 1637 1171 1712 Vi

192 1758 340 1829 scribent
359 1757 546 1847 aliquando,
563 1781 667 1848 neque
681 1760 721 1831 ab
736 1759 893 1849 ripariolis
907 1757 1080 1834 humanum
1094 1757 1173 1833 illud

194 1878 331 1950 alienam
349 1902 413 1948 esse
431 1878 619 1969 putandum.
666 1881 712 1950 Er
732 1878 848 1952 Codice
867 1879 962 1969 igitur
980 1903 1066 1953 sacro
1080 1881 1176 1951 unice

194 2022 312 2089 sapere¹
327 2012 424 2089 atqua
448 1999 489 2069 ad
518 2001 601 2070 huna
621 2001 740 2069 fontem
759 1999 1012 2091 limpidissimum
1029 2001 1177 2077 omnihus

195 2120 270 2189 dare
297 2119 417 2191 aditam
448 2122 596 2211 cupieos,
631 2121 665 2191 in
691 2121 888 2194 vernaculam
918 2143 992 2195 eam
1017 2124 1178 2197 transtulit

195 2241 475 2330 linguam‚simui
501 2239 668 2309 admonens
687 2248 752 2312 tam
770 2242 886 2322 laicos,
911 2263 1006 2332 quam
1024 2228 1192 2326 ciericos,¹

198 2376 233 2431 ut
258 2360 378 2433 assidue
407 2362 440 2427 ia
470 2362 584 2451 scripta
611 2360 662 2431 illa
691 2360 883 2449 inquirorent
895 2376 967 2444 ,at
991 2363 1051 2453 ipsi
1071 2386 1127 2454 per
1145 2386 1179 2433 se

198 2482 238 2547 de
266 2482 462 2570 dogmatibus
483 2481 685 2571 judicarent,
717 2504 775 2549 nee
803 2483 957 2560 serviliter
982 2484 1113 2574 amplios
1135 2483 1177 2550 ad

199 2602 356 2672 Ecclesiae
375 2602 544 2673 sententias
560 2601 828 2677 adhaerescerent,
862 2603 924 2684 lta,
945 2605 1089 2694 quamtis
1102 2604 1180 2673 wi.

199 2700 298 2795 olidos
317 2724 385 2812 ipsa
402 2745 520 2791 errores
539 2722 622 2797 hand
642 2746 757 2813 paucos
777 2725 860 2801 circa
877 2723 1053 2801 doctrinam
1071 2721 1180 2792 Ghria-

193 2847 317 2932 'donam
336 2845 547 2924 commiserit,
572 2845 670 2916 multa
688 2858 793 2922 tamen
813 2846 892 2913 bene
910 2823 1060 2926 correxit,
1077 2867 1183 2935 nequa

201 2969 274 3035 satis
299 2965 420 3034 laudari
436 2978 537 3056 potest
555 2967 623 3054 ejus
643 2963 779 3038 studium
801 2966 982 3046 doctrinae,
1007 2987 1086 3056 quaa
1106 2979 1183 3034 tunc

202 3089 396 3168 invaluerat,
415 3087 498 3157 vitiis
515 3086 745 3178 expurgandae:
773 3086 857 3178 quod
873 3087 965 3159 nobis
983 3085 1107 3177 egregia
1123 3108 1183 3176 pa·

203 3212 263 3279 soit
288 3233 306 3276 e
329 3208 557 3289 controversia,
583 3232 678 3299 quam
701 3208 834 3290 hebuit,
863 3206 1043 3298 gravissimi
1065 3205 1106 3285 titt
1128 3230 1182 3283 aa·

202 3345 359 3399 eramento
380 3328 607 3401 Eucharistiae.
994 3397 997 3400 Δ

248 3451 339 3538 Quod
366 3474 438 3520 sero
469 3451 509 3518 de
537 3474 723 3541 progressu,
756 3472 849 3540 quem
869 3451 901 3521 io
920 3448 1186 3529 Wieliffiatttdiis

203 3570 393 3639 reformandi
423 3568 670 3645 animadvertere,
693 3571 791 3653 licat,
816 3571 970 3654 dirimas,
988 3595 1051 3649 non
1069 3572 1114 3639 ita
1133 3571 1186 3641 in·

205 3689 542 3773 tellectum-solumas,
560 3715 596 3759 oo
611 3694 638 3759 si
654 3707 764 3776 antea,
782 3716 880 3784 qnam
899 3672 1064 3771 emendare
1082 3714 1188 3763 moras
1267 3713 1270 3720 ⁴

204 3813 350 3903 capiebat
370 3826 400 3881 et
418 3813 636 3887 hierarchiam
654 3815 872 3905 impugnabat,
890 3816 1007 3893 nullam
1022 3814 1188 3891 doooioae

202 3931 349 4000 habuerit
375 3932 548 4013 rationem,
581 3934 658 4016 sed,
686 3938 791 4025 prouti
810 3937 888 4011 illud
906 3937 1103 4029 potissimum
1122 3920 1189 4015 sibi

203 4053 395 4143 propositum
424 4051 555 4136 habuit,
591 4043 651 4145 quo
682 4038 820 4146 tempore
833 4060 938 4137 sitam
958 4058 1184 4137 Academiam
