<?xml version="1.0" encoding="UTF-8"?>
<!DOCTYPE html PUBLIC "-//W3C//DTD XHTML 1.0 Transitional//EN"
    "http://www.w3.org/TR/xhtml1/DTD/xhtml1-transitional.dtd">
<html xmlns="http://www.w3.org/1999/xhtml" xml:lang="en" lang="en">
 <head>
  <title>
</title>
<meta http-equiv="Content-Type" content="text/html;charset=utf-8" />
  <meta name='ocr-system' content='tesseract 3.04.00' />
  <meta name='ocr-capabilities' content='ocr_page ocr_carea ocr_par ocr_line ocrx_word'/>
</head>
<body>
  <div class='ocr_page' id='page_1' title='image "./diatribeinjohan00unkngoog_0139.png"; bbox 0 0 2586 4718; ppageno 0'>
   <div class='ocr_carea' id='block_1_1' title="bbox 671 247 733 307">
    <p class='ocr_par' dir='ltr' id='par_1_1' title="bbox 671 247 733 307">
     <span class='ocr_line' id='line_1_1' title="bbox 671 247 733 307; baseline 0.032 -2"><span class='ocrx_word' id='word_1_1' title='bbox 671 247 733 307; x_wconf 83' lang='grc'><strong>118</strong></span> 
     </span>
    </p>
   </div>
   <div class='ocr_carea' id='block_1_2' title="bbox 49 456 1284 3343">
    <p class='ocr_par' dir='ltr' id='par_1_2' title="bbox 196 456 1275 1641">
     <span class='ocr_line' id='line_1_2' title="bbox 215 456 1211 558; baseline -0.009 -26"><span class='ocrx_word' id='word_1_2' title='bbox 215 461 444 558; x_wconf 71' lang='lat' dir='ltr'><strong>depravationis</strong></span> <span class='ocrx_word' id='word_1_3' title='bbox 461 472 500 528; x_wconf 66' lang='lat' dir='ltr'><strong>‘et</strong></span> <span class='ocrx_word' id='word_1_4' title='bbox 525 457 718 548; x_wconf 71' lang='lat' dir='ltr'><strong>corruptelae</strong></span> <span class='ocrx_word' id='word_1_5' title='bbox 742 456 922 537; x_wconf 73' lang='lat' dir='ltr'><strong>Ecclesiae,</strong></span> <span class='ocrx_word' id='word_1_6' title='bbox 942 476 1037 547; x_wconf 74' lang='lat' dir='ltr'><strong>neom</strong></span> <span class='ocrx_word' id='word_1_7' title='bbox 1054 473 1211 548; x_wconf 58' lang='lat' dir='ltr'><strong>praesta,</strong></span> 
     </span>
     <span class='ocr_line' id='line_1_3' title="bbox 211 577 1209 668; baseline -0.008 -13"><span class='ocrx_word' id='word_1_8' title='bbox 211 601 261 658; x_wconf 86' lang='lat' dir='ltr'><strong>ret</strong></span> <span class='ocrx_word' id='word_1_9' title='bbox 284 587 317 652; x_wconf 95' lang='lat' dir='ltr'><strong>in</strong></span> <span class='ocrx_word' id='word_1_10' title='bbox 341 584 408 651; x_wconf 90' lang='lat' dir='ltr'><strong>dies</strong></span> <span class='ocrx_word' id='word_1_11' title='bbox 427 580 626 647; x_wconf 81' lang='lat' dir='ltr'><strong>audaciorem</strong></span> <span class='ocrx_word' id='word_1_12' title='bbox 638 627 649 660; x_wconf 94' lang='lat'><strong>,</strong></span> <span class='ocrx_word' id='word_1_13' title='bbox 661 581 730 668; x_wconf 86' lang='lat' dir='ltr'><strong>jam</strong></span> <span class='ocrx_word' id='word_1_14' title='bbox 749 577 918 652; x_wconf 84' lang='lat' dir='ltr'><strong>assimilans</strong></span> <span class='ocrx_word' id='word_1_15' title='bbox 937 599 1094 657; x_wconf 76' lang='lat' dir='ltr'><strong>summum</strong></span> <span class='ocrx_word' id='word_1_16' title='bbox 1113 583 1209 661; x_wconf 60' lang='lat' dir='ltr'><strong>Pone</strong></span> 
     </span>
     <span class='ocr_line' id='line_1_4' title="bbox 196 697 1209 783; baseline -0.005 -12"><span class='ocrx_word' id='word_1_17' title='bbox 196 711 334 778; x_wconf 88' lang='lat' dir='ltr'><strong>.tificem</strong></span> <span class='ocrx_word' id='word_1_18' title='bbox 361 702 576 782; x_wconf 78' lang='lat' dir='ltr'><strong>Antichristo,</strong></span> <span class='ocrx_word' id='word_1_19' title='bbox 606 700 652 766; x_wconf 94' lang='lat' dir='ltr'><strong>illi</strong></span> <span class='ocrx_word' id='word_1_20' title='bbox 679 699 756 767; x_wconf 87' lang='lat' dir='ltr'><strong>Jesu</strong></span> <span class='ocrx_word' id='word_1_21' title='bbox 782 699 913 766; x_wconf 84' lang='lat' dir='ltr'><strong>Messias</strong></span> <span class='ocrx_word' id='word_1_22' title='bbox 936 697 1138 783; x_wconf 85' lang='lat' dir='ltr'><strong>aduersario,</strong></span> <span class='ocrx_word' id='word_1_23' title='bbox 1168 703 1209 772; x_wconf 92' lang='lat' dir='ltr'><strong>id</strong></span> 
     </span>
     <span class='ocr_line' id='line_1_5' title="bbox 213 800 1275 908; baseline -0.004 -12"><span class='ocrx_word' id='word_1_24' title='bbox 213 829 332 897; x_wconf 89' lang='lat' dir='ltr'><strong>diutins</strong></span> <span class='ocrx_word' id='word_1_25' title='bbox 356 847 418 892; x_wconf 94' lang='lat' dir='ltr'><strong>non</strong></span> <span class='ocrx_word' id='word_1_26' title='bbox 443 825 581 892; x_wconf 92' lang='lat' dir='ltr'><strong>tulerunt</strong></span> <span class='ocrx_word' id='word_1_27' title='bbox 604 821 718 889; x_wconf 88' lang='lat' dir='ltr'><strong>summi</strong></span> <span class='ocrx_word' id='word_1_28' title='bbox 735 820 768 886; x_wconf 96' lang='lat' dir='ltr'><strong>in</strong></span> <span class='ocrx_word' id='word_1_29' title='bbox 786 842 884 908; x_wconf 81' lang='lat' dir='ltr'><strong>regno</strong></span> <span class='ocrx_word' id='word_1_30' title='bbox 902 821 1048 891; x_wconf 88' lang='lat' dir='ltr'><strong>Praelati.</strong></span> <span class='ocrx_word' id='word_1_31' title='bbox 1095 823 1208 908; x_wconf 82' lang='lat' dir='ltr'><strong>Quam</strong></span> <span class='ocrx_word' id='word_1_32' title='bbox 1271 800 1275 810; x_wconf 34' lang='grc' dir='ltr'>Ι</span> 
     </span>
     <span class='ocr_line' id='line_1_6' title="bbox 214 940 1264 1035; baseline -0.003 -18"><span class='ocrx_word' id='word_1_33' title='bbox 214 951 256 1017; x_wconf 95' lang='lat' dir='ltr'><strong>ob</strong></span> <span class='ocrx_word' id='word_1_34' title='bbox 283 970 372 1030; x_wconf 91' lang='lat' dir='ltr'><strong>rem,</strong></span> <span class='ocrx_word' id='word_1_35' title='bbox 395 946 562 1035; x_wconf 77' lang='lat' dir='ltr'><strong>instigante</strong></span> <span class='ocrx_word' id='word_1_36' title='bbox 584 942 717 1010; x_wconf 85' lang='lat' dir='ltr'><strong>maxime</strong></span> <span class='ocrx_word' id='word_1_37' title='bbox 737 940 912 1010; x_wconf 84' lang='lat' dir='ltr'><strong>Gourtnaeo</strong></span> <span class='ocrx_word' id='word_1_38' title='bbox 924 988 936 1023; x_wconf 93' lang='lat'><strong>,</strong></span> <span class='ocrx_word' id='word_1_39' title='bbox 958 943 1115 1034; x_wconf 81' lang='lat' dir='ltr'><strong>Episcopo</strong></span> <span class='ocrx_word' id='word_1_40' title='bbox 1134 968 1209 1014; x_wconf 88' lang='lat' dir='ltr'><strong>nu·</strong></span> <span class='ocrx_word' id='word_1_41' title='bbox 1260 972 1264 980; x_wconf 93' lang='lat'><em>·</em></span> 
     </span>
     <span class='ocr_line' id='line_1_7' title="bbox 212 1062 1209 1162; baseline -0.002 -24"><span class='ocrx_word' id='word_1_42' title='bbox 212 1070 349 1162; x_wconf 86' lang='lat' dir='ltr'><strong>perrime</strong></span> <span class='ocrx_word' id='word_1_43' title='bbox 376 1065 569 1137; x_wconf 88' lang='lat' dir='ltr'><strong>Londinansi</strong></span> <span class='ocrx_word' id='word_1_44' title='bbox 598 1066 703 1145; x_wconf 84' lang='lat' dir='ltr'><strong>facto.</strong></span> <span class='ocrx_word' id='word_1_45' title='bbox 735 1062 803 1135; x_wconf 85' lang='lat' dir='ltr'><strong>dica</strong></span> <span class='ocrx_word' id='word_1_46' title='bbox 826 1063 968 1136; x_wconf 84' lang='lat' dir='ltr'><strong>Wicliffo</strong></span> <span class='ocrx_word' id='word_1_47' title='bbox 993 1063 1095 1138; x_wconf 89' lang='lat' dir='ltr'><strong>dietus</strong></span> <span class='ocrx_word' id='word_1_48' title='bbox 1114 1080 1167 1139; x_wconf 82' lang='lat' dir='ltr'><strong>ost</strong></span> <span class='ocrx_word' id='word_1_49' title='bbox 1186 1091 1209 1136; x_wconf 83' lang='lat' dir='ltr'><strong>a</strong></span> 
     </span>
     <span class='ocr_line' id='line_1_8' title="bbox 211 1183 1207 1286; baseline 0 -28"><span class='ocrx_word' id='word_1_50' title='bbox 211 1192 352 1272; x_wconf 84' lang='lat' dir='ltr'><strong>clericis,</strong></span> <span class='ocrx_word' id='word_1_51' title='bbox 372 1190 427 1280; x_wconf 86' lang='lat' dir='ltr'><strong>qui</strong></span> <span class='ocrx_word' id='word_1_52' title='bbox 447 1187 623 1278; x_wconf 75' lang='lat' dir='ltr'><strong>cougregati</strong></span> <span class='ocrx_word' id='word_1_53' title='bbox 641 1187 768 1256; x_wconf 84' lang='lat' dir='ltr'><strong>luerunt</strong></span> <span class='ocrx_word' id='word_1_54' title='bbox 786 1183 838 1253; x_wconf 83' lang='lat' dir='ltr'><strong>dte</strong></span> <span class='ocrx_word' id='word_1_55' title='bbox 858 1189 879 1255; x_wconf 75' lang='lat'><strong>3</strong></span> <span class='ocrx_word' id='word_1_56' title='bbox 897 1186 1011 1257; x_wconf 79' lang='lat' dir='ltr'><strong>mensis</strong></span> <span class='ocrx_word' id='word_1_57' title='bbox 1029 1185 1207 1286; x_wconf 75' lang='lat' dir='ltr'><strong>Februarii</strong></span> 
     </span>
     <span class='ocr_line' id='line_1_9' title="bbox 208 1306 1209 1397; baseline -0.003 -18"><span class='ocrx_word' id='word_1_58' title='bbox 208 1335 295 1379; x_wconf 84' lang='lat' dir='ltr'><strong>anne</strong></span> <span class='ocrx_word' id='word_1_59' title='bbox 323 1316 432 1392; x_wconf 82' lang='lat'><strong>1377,</strong></span> <span class='ocrx_word' id='word_1_60' title='bbox 463 1323 498 1378; x_wconf 89' lang='lat' dir='ltr'><strong>ut</strong></span> <span class='ocrx_word' id='word_1_61' title='bbox 523 1331 557 1391; x_wconf 77' lang='lat' dir='ltr'><strong>ae</strong></span> <span class='ocrx_word' id='word_1_62' title='bbox 582 1310 701 1378; x_wconf 77' lang='lat' dir='ltr'><strong>sisteret</strong></span> <span class='ocrx_word' id='word_1_63' title='bbox 726 1306 895 1397; x_wconf 82' lang='lat' dir='ltr'><strong>injudicio</strong></span> <span class='ocrx_word' id='word_1_64' title='bbox 914 1306 1151 1383; x_wconf 75' lang='lat' dir='ltr'><strong>Ecclestiastleo</strong></span> <span class='ocrx_word' id='word_1_65' title='bbox 1170 1309 1209 1387; x_wconf 78' lang='lat' dir='ltr'><strong>in</strong></span> 
     </span>
     <span class='ocr_line' id='line_1_10' title="bbox 212 1426 1205 1518; baseline 0.002 -17"><span class='ocrx_word' id='word_1_66' title='bbox 212 1426 1205 1518; x_wconf 52' lang='lat' dir='ltr'><strong>mfflffimmmmm</strong></span> 
     </span>
     <span class='ocr_line' id='line_1_11' title="bbox 210 1550 1203 1641; baseline 0 -19"><span class='ocrx_word' id='word_1_67' title='bbox 210 1555 326 1636; x_wconf 82' lang='lat' dir='ltr'><strong>mansis</strong></span> <span class='ocrx_word' id='word_1_68' title='bbox 357 1562 394 1637; x_wconf 79' lang='lat' dir='ltr'><strong>t,</strong></span> <span class='ocrx_word' id='word_1_69' title='bbox 429 1564 462 1636; x_wconf 84' lang='lat' dir='ltr'><strong>et</strong></span> <span class='ocrx_word' id='word_1_70' title='bbox 492 1553 688 1624; x_wconf 87' lang='lat' dir='ltr'><strong>accusatione</strong></span> <span class='ocrx_word' id='word_1_71' title='bbox 716 1572 748 1618; x_wconf 87' lang='lat' dir='ltr'><strong>se</strong></span> <span class='ocrx_word' id='word_1_72' title='bbox 776 1551 960 1634; x_wconf 84' lang='lat' dir='ltr'><strong>exsolueret,</strong></span> <span class='ocrx_word' id='word_1_73' title='bbox 993 1550 1092 1641; x_wconf 86' lang='lat' dir='ltr'><strong>quod</strong></span> <span class='ocrx_word' id='word_1_74' title='bbox 1105 1554 1203 1622; x_wconf 58' lang='lat' dir='ltr'><strong>mul*</strong></span> 
     </span>
    </p>

    <p class='ocr_par' dir='ltr' id='par_1_3' title="bbox 96 1673 1206 2006">
     <span class='ocr_line' id='line_1_12' title="bbox 96 1673 1206 1765; baseline 0.002 -21"><span class='ocrx_word' id='word_1_75' title='bbox 96 1743 97 1749; x_wconf 70' lang='grc'>,</span> <span class='ocrx_word' id='word_1_76' title='bbox 207 1689 258 1744; x_wconf 85' lang='lat' dir='ltr'><strong>tas</strong></span> <span class='ocrx_word' id='word_1_77' title='bbox 281 1677 400 1744; x_wconf 81' lang='lat' dir='ltr'><strong>fureret</strong></span> <span class='ocrx_word' id='word_1_78' title='bbox 428 1686 461 1742; x_wconf 85' lang='lat' dir='ltr'><strong>et</strong></span> <span class='ocrx_word' id='word_1_79' title='bbox 486 1674 612 1744; x_wconf 90' lang='lat' dir='ltr'><strong>doceret</strong></span> <span class='ocrx_word' id='word_1_80' title='bbox 639 1673 806 1741; x_wconf 83' lang='lat' dir='ltr'><strong>sententias</strong></span> <span class='ocrx_word' id='word_1_81' title='bbox 827 1673 916 1739; x_wconf 79' lang='lat' dir='ltr'><strong>falsas</strong></span> <span class='ocrx_word' id='word_1_82' title='bbox 935 1686 968 1740; x_wconf 89' lang='lat' dir='ltr'><strong>et</strong></span> <span class='ocrx_word' id='word_1_83' title='bbox 985 1689 1206 1765; x_wconf 70' lang='lat' dir='ltr'><strong>repugnantes.</strong></span> 
     </span>
     <span class='ocr_line' id='line_1_13' title="bbox 203 1796 1199 1885; baseline -0.003 -20"><span class='ocrx_word' id='word_1_84' title='bbox 203 1797 384 1866; x_wconf 74' lang='lat' dir='ltr'><strong>auctoritati</strong></span> <span class='ocrx_word' id='word_1_85' title='bbox 412 1797 582 1865; x_wconf 80' lang='lat' dir='ltr'><strong>Ecclesiae.</strong></span> <span class='ocrx_word' id='word_1_86' title='bbox 629 1796 784 1881; x_wconf 79' lang='lat' dir='ltr'><strong>Quasnam</strong></span> <span class='ocrx_word' id='word_1_87' title='bbox 810 1806 844 1861; x_wconf 85' lang='lat' dir='ltr'><strong>et</strong></span> <span class='ocrx_word' id='word_1_88' title='bbox 870 1807 949 1885; x_wconf 90' lang='lat' dir='ltr'><strong>qnot</strong></span> <span class='ocrx_word' id='word_1_89' title='bbox 971 1803 1102 1869; x_wconf 78' lang='lat' dir='ltr'><strong>numero</strong></span> <span class='ocrx_word' id='word_1_90' title='bbox 1123 1796 1199 1868; x_wconf 73' lang='lat' dir='ltr'><strong>illas</strong></span> 
     </span>
     <span class='ocr_line' id='line_1_14' title="bbox 206 1915 1199 2006; baseline -0.004 -20"><span class='ocrx_word' id='word_1_91' title='bbox 206 1918 391 2000; x_wconf 80' lang='lat' dir='ltr'><strong>citaverint,</strong></span> <span class='ocrx_word' id='word_1_92' title='bbox 421 1940 488 1984; x_wconf 87' lang='lat' dir='ltr'><strong>non</strong></span> <span class='ocrx_word' id='word_1_93' title='bbox 513 1918 652 2006; x_wconf 82' lang='lat' dir='ltr'><strong>liquet².</strong></span> <span class='ocrx_word' id='word_1_94' title='bbox 700 1915 772 1983; x_wconf 87' lang='lat' dir='ltr'><strong>Ilnr</strong></span> <span class='ocrx_word' id='word_1_95' title='bbox 798 1928 902 1982; x_wconf 90' lang='lat' dir='ltr'><strong>autem</strong></span> <span class='ocrx_word' id='word_1_96' title='bbox 931 1915 1132 1993; x_wconf 83' lang='lat' dir='ltr'><strong>Leucartriae</strong></span> <span class='ocrx_word' id='word_1_97' title='bbox 1160 1933 1199 1988; x_wconf 79' lang='lat' dir='ltr'><strong>et</strong></span> 
     </span>
    </p>

    <p class='ocr_par' dir='ltr' id='par_1_4' title="bbox 103 2037 1284 3221">
     <span class='ocr_line' id='line_1_15' title="bbox 103 2037 1197 2128; baseline -0.003 -22"><span class='ocrx_word' id='word_1_98' title='bbox 103 2062 106 2068; x_wconf 58' lang='lat'><strong>⁴</strong></span> <span class='ocrx_word' id='word_1_99' title='bbox 206 2039 359 2106; x_wconf 83' lang='lat' dir='ltr'><strong>Bonriaus</strong></span> <span class='ocrx_word' id='word_1_100' title='bbox 382 2037 537 2106; x_wconf 86' lang='lat' dir='ltr'><strong>llenriens</strong></span> <span class='ocrx_word' id='word_1_101' title='bbox 551 2037 708 2118; x_wconf 69' lang='lat' dir='ltr'><strong>Peneius,</strong></span> <span class='ocrx_word' id='word_1_102' title='bbox 731 2059 897 2128; x_wconf 88' lang='lat' dir='ltr'><strong>supremus</strong></span> <span class='ocrx_word' id='word_1_103' title='bbox 914 2038 1003 2127; x_wconf 76' lang='lat' dir='ltr'><strong>regni</strong></span> <span class='ocrx_word' id='word_1_104' title='bbox 1021 2037 1197 2120; x_wconf 63' lang='lat' dir='ltr'><strong>ldamsaal„</strong></span> 
     </span>
     <span class='ocr_line' id='line_1_16' title="bbox 205 2157 1196 2251; baseline 0.002 -24"><span class='ocrx_word' id='word_1_105' title='bbox 205 2160 272 2240; x_wconf 90' lang='lat' dir='ltr'><strong>lus,</strong></span> <span class='ocrx_word' id='word_1_106' title='bbox 310 2160 366 2249; x_wconf 90' lang='lat' dir='ltr'><strong>qui</strong></span> <span class='ocrx_word' id='word_1_107' title='bbox 397 2157 489 2224; x_wconf 83' lang='lat' dir='ltr'><strong>ualde</strong></span> <span class='ocrx_word' id='word_1_108' title='bbox 516 2158 614 2235; x_wconf 83' lang='lat' dir='ltr'><strong>ctiam</strong></span> <span class='ocrx_word' id='word_1_109' title='bbox 640 2157 733 2251; x_wconf 87' lang='lat' dir='ltr'><strong>rebus</strong></span> <span class='ocrx_word' id='word_1_110' title='bbox 762 2158 899 2226; x_wconf 88' lang='lat' dir='ltr'><strong>Wicliffi</strong></span> <span class='ocrx_word' id='word_1_111' title='bbox 926 2158 1071 2241; x_wconf 80' lang='lat' dir='ltr'><strong>larebat,</strong></span> <span class='ocrx_word' id='word_1_112' title='bbox 1103 2158 1196 2229; x_wconf 80' lang='lat' dir='ltr'><strong>dieta</strong></span> 
     </span>
     <span class='ocr_line' id='line_1_17' title="bbox 201 2277 1195 2372; baseline 0.002 -28"><span class='ocrx_word' id='word_1_113' title='bbox 201 2278 255 2345; x_wconf 88' lang='lat' dir='ltr'><strong>die</strong></span> <span class='ocrx_word' id='word_1_114' title='bbox 292 2281 365 2346; x_wconf 83' lang='lat' dir='ltr'><strong>eum</strong></span> <span class='ocrx_word' id='word_1_115' title='bbox 400 2278 542 2355; x_wconf 90' lang='lat' dir='ltr'><strong>comitati</strong></span> <span class='ocrx_word' id='word_1_116' title='bbox 571 2291 641 2347; x_wconf 87' lang='lat' dir='ltr'><strong>sunt</strong></span> <span class='ocrx_word' id='word_1_117' title='bbox 671 2278 711 2344; x_wconf 87' lang='lat' dir='ltr'><strong>ad</strong></span> <span class='ocrx_word' id='word_1_118' title='bbox 740 2278 861 2348; x_wconf 80' lang='lat' dir='ltr'><strong>Aedem</strong></span> <span class='ocrx_word' id='word_1_119' title='bbox 889 2277 954 2345; x_wconf 86' lang='lat' dir='ltr'><strong>diri</strong></span> <span class='ocrx_word' id='word_1_120' title='bbox 982 2280 1093 2361; x_wconf 80' lang='lat' dir='ltr'><strong>Bauli,</strong></span> <span class='ocrx_word' id='word_1_121' title='bbox 1127 2303 1195 2372; x_wconf 78' lang='lat' dir='ltr'><strong>quq</strong></span> 
     </span>
     <span class='ocr_line' id='line_1_18' title="bbox 203 2396 1193 2481; baseline 0.005 -15"><span class='ocrx_word' id='word_1_122' title='bbox 203 2411 293 2467; x_wconf 80' lang='lat' dir='ltr'><strong>tanta</strong></span> <span class='ocrx_word' id='word_1_123' title='bbox 311 2396 557 2468; x_wconf 85' lang='lat' dir='ltr'><strong>Londincnsium</strong></span> <span class='ocrx_word' id='word_1_124' title='bbox 572 2398 742 2469; x_wconf 90' lang='lat' dir='ltr'><strong>multitudo</strong></span> <span class='ocrx_word' id='word_1_125' title='bbox 760 2401 971 2481; x_wconf 85' lang='lat' dir='ltr'><strong>oonilurerot,</strong></span> <span class='ocrx_word' id='word_1_126' title='bbox 989 2413 1025 2468; x_wconf 94' lang='lat' dir='ltr'><strong>nt</strong></span> <span class='ocrx_word' id='word_1_127' title='bbox 1043 2401 1193 2476; x_wconf 80' lang='lat' dir='ltr'><strong>introitus</strong></span> 
     </span>
     <span class='ocr_line' id='line_1_19' title="bbox 204 2517 1191 2615; baseline -0.002 -28"><span class='ocrx_word' id='word_1_128' title='bbox 204 2520 270 2602; x_wconf 76' lang='lat' dir='ltr'><strong>lere</strong></span> <span class='ocrx_word' id='word_1_129' title='bbox 295 2519 473 2611; x_wconf 87' lang='lat' dir='ltr'><strong>praeclusus</strong></span> <span class='ocrx_word' id='word_1_130' title='bbox 501 2532 590 2590; x_wconf 84' lang='lat' dir='ltr'><strong>esset.</strong></span> <span class='ocrx_word' id='word_1_131' title='bbox 639 2517 820 2613; x_wconf 73' lang='lat' dir='ltr'><strong>constipata</strong></span> <span class='ocrx_word' id='word_1_132' title='bbox 846 2542 919 2587; x_wconf 85' lang='lat' dir='ltr'><strong>rem</strong></span> <span class='ocrx_word' id='word_1_133' title='bbox 945 2523 1038 2588; x_wconf 89' lang='lat' dir='ltr'><strong>turba</strong></span> <span class='ocrx_word' id='word_1_134' title='bbox 1060 2525 1191 2615; x_wconf 65' lang='lat' dir='ltr'><strong>conspi-</strong></span> 
     </span>
     <span class='ocr_line' id='line_1_20' title="bbox 201 2638 1188 2733; baseline 0.003 -25"><span class='ocrx_word' id='word_1_135' title='bbox 201 2642 286 2708; x_wconf 90' lang='lat' dir='ltr'><strong>ciens</strong></span> <span class='ocrx_word' id='word_1_136' title='bbox 310 2638 399 2730; x_wconf 77' lang='lat' dir='ltr'><strong>regni</strong></span> <span class='ocrx_word' id='word_1_137' title='bbox 424 2639 637 2708; x_wconf 83' lang='lat' dir='ltr'><strong>Marescallum</strong></span> <span class='ocrx_word' id='word_1_138' title='bbox 656 2655 882 2733; x_wconf 87' lang='lat' dir='ltr'><strong>praeeuntem,</strong></span> <span class='ocrx_word' id='word_1_139' title='bbox 902 2643 1069 2712; x_wconf 79' lang='lat' dir='ltr'><strong>transitum</strong></span> <span class='ocrx_word' id='word_1_140' title='bbox 1085 2643 1188 2730; x_wconf 81' lang='lat' dir='ltr'><strong>dedit,</strong></span> 
     </span>
     <span class='ocr_line' id='line_1_21' title="bbox 201 2760 1191 2852; baseline 0.005 -22"><span class='ocrx_word' id='word_1_141' title='bbox 201 2762 305 2852; x_wconf 74' lang='lat' dir='ltr'><strong>Aegre</strong></span> <span class='ocrx_word' id='word_1_142' title='bbox 332 2772 438 2829; x_wconf 86' lang='lat' dir='ltr'><strong>tameo</strong></span> <span class='ocrx_word' id='word_1_143' title='bbox 466 2760 625 2831; x_wconf 85' lang='lat' dir='ltr'><strong>Wicliffus</strong></span> <span class='ocrx_word' id='word_1_144' title='bbox 654 2785 727 2843; x_wconf 86' lang='lat' dir='ltr'><strong>cum</strong></span> <span class='ocrx_word' id='word_1_145' title='bbox 749 2761 922 2830; x_wconf 85' lang='lat' dir='ltr'><strong>illustribus</strong></span> <span class='ocrx_word' id='word_1_146' title='bbox 941 2767 1002 2833; x_wconf 89' lang='lat' dir='ltr'><strong>suis</strong></span> <span class='ocrx_word' id='word_1_147' title='bbox 1020 2765 1191 2835; x_wconf 88' lang='lat' dir='ltr'><strong>comitibus</strong></span> 
     </span>
     <span class='ocr_line' id='line_1_22' title="bbox 202 2879 1191 2978; baseline 0.01 -31"><span class='ocrx_word' id='word_1_148' title='bbox 202 2879 325 2961; x_wconf 76' lang='lat' dir='ltr'><strong>Aedem</strong></span> <span class='ocrx_word' id='word_1_149' title='bbox 345 2879 492 2953; x_wconf 83' lang='lat' dir='ltr'><strong>intrabat.</strong></span> <span class='ocrx_word' id='word_1_150' title='bbox 534 2881 781 2953; x_wconf 71' lang='lat' dir='ltr'><strong>conturbatione</strong></span> <span class='ocrx_word' id='word_1_151' title='bbox 800 2879 877 2951; x_wconf 88' lang='lat' dir='ltr'><strong>hino</strong></span> <span class='ocrx_word' id='word_1_152' title='bbox 894 2889 1016 2969; x_wconf 75' lang='lat' dir='ltr'><strong>exorti,</strong></span> <span class='ocrx_word' id='word_1_153' title='bbox 1037 2886 1191 2978; x_wconf 83' lang='lat' dir='ltr'><strong>superbus</strong></span> 
     </span>
     <span class='ocr_line' id='line_1_23' title="bbox 202 2999 1189 3094; baseline 0.008 -26"><span class='ocrx_word' id='word_1_154' title='bbox 202 2999 415 3082; x_wconf 86' lang='lat' dir='ltr'><strong>Gourtnaeus,</strong></span> <span class='ocrx_word' id='word_1_155' title='bbox 445 3002 526 3073; x_wconf 89' lang='lat' dir='ltr'><strong>limis</strong></span> <span class='ocrx_word' id='word_1_156' title='bbox 553 3004 649 3071; x_wconf 90' lang='lat' dir='ltr'><strong>oculis</strong></span> <span class='ocrx_word' id='word_1_157' title='bbox 676 3022 765 3068; x_wconf 90' lang='lat' dir='ltr'><strong>reum</strong></span> <span class='ocrx_word' id='word_1_158' title='bbox 791 3007 896 3094; x_wconf 78' lang='lat' dir='ltr'><strong>tantis.</strong></span> <span class='ocrx_word' id='word_1_159' title='bbox 909 2999 985 3074; x_wconf 74' lang='lat' dir='ltr'><strong>liris</strong></span> <span class='ocrx_word' id='word_1_160' title='bbox 1002 3010 1189 3076; x_wconf 85' lang='lat' dir='ltr'><strong>comitatum</strong></span> 
     </span>
     <span class='ocr_line' id='line_1_24' title="bbox 204 3122 1284 3221; baseline 0.015 -31"><span class='ocrx_word' id='word_1_161' title='bbox 204 3122 407 3214; x_wconf 77' lang='lat' dir='ltr'><strong>adspectans,</strong></span> <span class='ocrx_word' id='word_1_162' title='bbox 428 3122 534 3194; x_wconf 88' lang='lat' dir='ltr'><strong>dolere</strong></span> <span class='ocrx_word' id='word_1_163' title='bbox 552 3146 601 3205; x_wconf 82' lang='lat' dir='ltr'><strong>se,</strong></span> <span class='ocrx_word' id='word_1_164' title='bbox 621 3123 804 3212; x_wconf 84' lang='lat' dir='ltr'><strong>inquiebat,</strong></span> <span class='ocrx_word' id='word_1_165' title='bbox 822 3127 908 3219; x_wconf 84' lang='lat' dir='ltr'><strong>qnod</strong></span> <span class='ocrx_word' id='word_1_166' title='bbox 926 3129 1080 3220; x_wconf 82' lang='lat' dir='ltr'><strong>ejusmodi</strong></span> <span class='ocrx_word' id='word_1_167' title='bbox 1098 3151 1192 3221; x_wconf 66' lang='lat' dir='ltr'><strong>mapa</strong></span> <span class='ocrx_word' id='word_1_168' title='bbox 1281 3199 1284 3202; x_wconf 75' lang='grc'><strong><em>,</em></strong></span> 
     </span>
    </p>

    <p class='ocr_par' dir='ltr' id='par_1_5' title="bbox 49 3241 1188 3343">
     <span class='ocr_line' id='line_1_25' title="bbox 49 3241 1188 3343; baseline 0.002 -28"><span class='ocrx_word' id='word_1_169' title='bbox 49 3307 53 3315; x_wconf 89' lang='grc'><em>,</em></span> <span class='ocrx_word' id='word_1_170' title='bbox 122 3241 123 3244; x_wconf 48' lang='lat'>&#39;</span> <span class='ocrx_word' id='word_1_171' title='bbox 200 3256 288 3314; x_wconf 87' lang='lat' dir='ltr'><strong>nates</strong></span> <span class='ocrx_word' id='word_1_172' title='bbox 304 3243 495 3313; x_wconf 87' lang='lat' dir='ltr'><strong>cohibendos</strong></span> <span class='ocrx_word' id='word_1_173' title='bbox 513 3251 577 3312; x_wconf 86' lang='lat' dir='ltr'><strong>no&#39;u</strong></span> <span class='ocrx_word' id='word_1_174' title='bbox 596 3260 777 3343; x_wconf 80' lang='lat' dir='ltr'><strong>curaverat,</strong></span> <span class='ocrx_word' id='word_1_175' title='bbox 802 3252 968 3341; x_wconf 84' lang='lat' dir='ltr'><strong>quominus</strong></span> <span class='ocrx_word' id='word_1_176' title='bbox 986 3250 1049 3318; x_wconf 89' lang='lat' dir='ltr'><strong>bue</strong></span> <span class='ocrx_word' id='word_1_177' title='bbox 1068 3251 1188 3319; x_wconf 72' lang='lat' dir='ltr'><strong>introi-</strong></span> 
     </span>
    </p>
   </div>
   <div class='ocr_carea' id='block_1_3' title="bbox 202 3448 517 3465">
    <p class='ocr_par' dir='ltr' id='par_1_6' title="bbox 202 3448 517 3465">
     <span class='ocr_line' id='line_1_26' title="bbox 202 3448 517 3465; baseline -0.003 -1"><span class='ocrx_word' id='word_1_178' title='bbox 202 3448 517 3465; x_wconf 52' lang='lat' dir='ltr'><strong>m—</strong></span> 
     </span>
    </p>
   </div>
   <div class='ocr_carea' id='block_1_4' title="bbox 153 3563 1189 4055">
    <p class='ocr_par' dir='ltr' id='par_1_7' title="bbox 153 3563 1189 3967">
     <span class='ocr_line' id='line_1_27' title="bbox 226 3563 1189 3637; baseline 0.004 -15"><span class='ocrx_word' id='word_1_179' title='bbox 226 3573 236 3608; x_wconf 88' lang='lat'>¹</span> <span class='ocrx_word' id='word_1_180' title='bbox 262 3570 425 3622; x_wconf 84' lang='lat' dir='ltr'><strong>Commisiaae</strong></span> <span class='ocrx_word' id='word_1_181' title='bbox 452 3566 586 3616; x_wconf 79' lang='lat' dir='ltr'><strong>leunisium</strong></span> <span class='ocrx_word' id='word_1_182' title='bbox 612 3585 724 3624; x_wconf 85' lang='lat' dir='ltr'><strong>errorem</strong></span> <span class='ocrx_word' id='word_1_183' title='bbox 748 3572 775 3620; x_wconf 89' lang='lat' dir='ltr'><strong>in</strong></span> <span class='ocrx_word' id='word_1_184' title='bbox 794 3563 931 3620; x_wconf 87' lang='lat' dir='ltr'><strong>indi&#39;eando</strong></span> <span class='ocrx_word' id='word_1_185' title='bbox 944 3587 1030 3631; x_wconf 85' lang='lat' dir='ltr'><strong>anno,</strong></span> <span class='ocrx_word' id='word_1_186' title='bbox 1051 3589 1103 3637; x_wconf 87' lang='lat' dir='ltr'><strong>qrro</strong></span> <span class='ocrx_word' id='word_1_187' title='bbox 1122 3574 1189 3626; x_wconf 86' lang='lat' dir='ltr'><strong>haec</strong></span> 
     </span>
     <span class='ocr_line' id='line_1_28' title="bbox 257 3650 1185 3723; baseline 0.003 -17"><span class='ocrx_word' id='word_1_188' title='bbox 257 3655 426 3709; x_wconf 77' lang='lat' dir='ltr'><strong>acciderunt,</strong></span> <span class='ocrx_word' id='word_1_189' title='bbox 444 3650 628 3704; x_wconf 83' lang='lat' dir='ltr'><strong>demonstrarit</strong></span> <span class='ocrx_word' id='word_1_190' title='bbox 646 3655 810 3720; x_wconf 75' lang='lat' dir='ltr'><strong>Vauglranus.</strong></span> <span class='ocrx_word' id='word_1_191' title='bbox 830 3655 888 3706; x_wconf 85' lang='lat' dir='ltr'><strong>Vol.</strong></span> <span class='ocrx_word' id='word_1_192' title='bbox 906 3657 929 3708; x_wconf 83' lang='lat' dir='ltr'><strong>l.</strong></span> <span class='ocrx_word' id='word_1_193' title='bbox 944 3674 971 3723; x_wconf 90' lang='lat' dir='ltr'><strong>p.</strong></span> <span class='ocrx_word' id='word_1_194' title='bbox 989 3657 1051 3709; x_wconf 83' lang='lat' dir='ltr'><strong>aa7.</strong></span> <span class='ocrx_word' id='word_1_195' title='bbox 1072 3665 1128 3707; x_wconf 82' lang='lat' dir='ltr'><strong>not.</strong></span> <span class='ocrx_word' id='word_1_196' title='bbox 1139 3659 1185 3709; x_wconf 79' lang='lat'><strong>2³.</strong></span> 
     </span>
     <span class='ocr_line' id='line_1_29' title="bbox 153 3735 1184 3807; baseline 0.017 -31"><span class='ocrx_word' id='word_1_197' title='bbox 153 3760 155 3764; x_wconf 34' lang='lat' dir='ltr'>v</span> <span class='ocrx_word' id='word_1_198' title='bbox 221 3741 233 3777; x_wconf 78' lang='lat' dir='ltr'><strong>a</strong></span> <span class='ocrx_word' id='word_1_199' title='bbox 259 3739 403 3790; x_wconf 83' lang='lat' dir='ltr'><strong>Wieliffum</strong></span> <span class='ocrx_word' id='word_1_200' title='bbox 430 3735 498 3786; x_wconf 87' lang='lat' dir='ltr'><strong>eirca</strong></span> <span class='ocrx_word' id='word_1_201' title='bbox 520 3737 570 3787; x_wconf 90' lang='lat' dir='ltr'><strong>boe</strong></span> <span class='ocrx_word' id='word_1_202' title='bbox 593 3743 694 3804; x_wconf 79' lang='lat' dir='ltr'><strong>tempus</strong></span> <span class='ocrx_word' id='word_1_203' title='bbox 712 3739 855 3802; x_wconf 75' lang='lat' dir='ltr'><strong>divulgasse</strong></span> <span class='ocrx_word' id='word_1_204' title='bbox 871 3741 986 3805; x_wconf 82' lang='lat' dir='ltr'><strong>placito,</strong></span> <span class='ocrx_word' id='word_1_205' title='bbox 1004 3758 1072 3807; x_wconf 82' lang='lat' dir='ltr'><strong>qnae</strong></span> <span class='ocrx_word' id='word_1_206' title='bbox 1090 3742 1184 3794; x_wconf 83' lang='lat' dir='ltr'><strong>baere-</strong></span> 
     </span>
     <span class='ocr_line' id='line_1_30' title="bbox 254 3817 1183 3894; baseline 0.018 -29"><span class='ocrx_word' id='word_1_207' title='bbox 254 3823 307 3883; x_wconf 66' lang='lat' dir='ltr'><strong>ttea</strong></span> <span class='ocrx_word' id='word_1_208' title='bbox 337 3817 515 3881; x_wconf 83' lang='lat' dir='ltr'><strong>trahebantur,</strong></span> <span class='ocrx_word' id='word_1_209' title='bbox 543 3822 710 3892; x_wconf 80' lang='lat' dir='ltr'><strong>confirmatur</strong></span> <span class='ocrx_word' id='word_1_210' title='bbox 734 3822 812 3876; x_wconf 83' lang='lat' dir='ltr'><strong>ctiam</strong></span> <span class='ocrx_word' id='word_1_211' title='bbox 839 3827 1113 3894; x_wconf 71' lang='lat' dir='ltr'><strong>testimouiia,‘quae</strong></span> <span class='ocrx_word' id='word_1_212' title='bbox 1132 3831 1183 3882; x_wconf 89' lang='lat' dir='ltr'><strong>hac</strong></span> 
     </span>
     <span class='ocr_line' id='line_1_31' title="bbox 251 3905 1183 3967; baseline 0.005 -7"><span class='ocrx_word' id='word_1_213' title='bbox 251 3905 284 3952; x_wconf 74' lang='lat' dir='ltr'><strong>ae</strong></span> <span class='ocrx_word' id='word_1_214' title='bbox 301 3920 328 3961; x_wconf 83' lang='lat' dir='ltr'><strong>rc</strong></span> <span class='ocrx_word' id='word_1_215' title='bbox 347 3910 486 3967; x_wconf 70' lang='lat' dir='ltr'><strong>aecurrunt</strong></span> <span class='ocrx_word' id='word_1_216' title='bbox 503 3908 530 3966; x_wconf 81' lang='lat' dir='ltr'><strong>ia</strong></span> <span class='ocrx_word' id='word_1_217' title='bbox 546 3905 678 3965; x_wconf 74' lang='lat' dir='ltr'><strong>Chronica</strong></span> <span class='ocrx_word' id='word_1_218' title='bbox 694 3905 869 3963; x_wconf 74' lang='lat' dir='ltr'><strong>Gustatorium</strong></span> <span class='ocrx_word' id='word_1_219' title='bbox 884 3916 916 3964; x_wconf 90' lang='lat' dir='ltr'><strong>et·</strong></span> <span class='ocrx_word' id='word_1_220' title='bbox 926 3913 1068 3966; x_wconf 70' lang='lat' dir='ltr'><strong>mortum</strong></span> <span class='ocrx_word' id='word_1_221' title='bbox 1080 3930 1183 3966; x_wconf 77' lang='lat' dir='ltr'><strong>manaa-</strong></span> 
     </span>
    </p>

    <p class='ocr_par' dir='ltr' id='par_1_8' title="bbox 254 3986 890 4055">
     <span class='ocr_line' id='line_1_32' title="bbox 254 3986 890 4055; baseline 0.019 -23"><span class='ocrx_word' id='word_1_222' title='bbox 254 3986 314 4035; x_wconf 82' lang='lat' dir='ltr'><strong>torii</strong></span> <span class='ocrx_word' id='word_1_223' title='bbox 330 3988 453 4044; x_wconf 75' lang='lat' dir='ltr'><strong>licensis.</strong></span> <span class='ocrx_word' id='word_1_224' title='bbox 491 3992 526 4040; x_wconf 76' lang='lat' dir='ltr'><strong>cl.</strong></span> <span class='ocrx_word' id='word_1_225' title='bbox 546 3989 635 4047; x_wconf 74' lang='lat' dir='ltr'><strong>Lenia.</strong></span> <span class='ocrx_word' id='word_1_226' title='bbox 655 4005 681 4055; x_wconf 80' lang='lat' dir='ltr'><strong>p.</strong></span> <span class='ocrx_word' id='word_1_227' title='bbox 700 3989 758 4041; x_wconf 78' lang='lat' dir='ltr'><strong>xlx</strong></span> <span class='ocrx_word' id='word_1_228' title='bbox 777 3994 807 4045; x_wconf 79' lang='lat' dir='ltr'><strong>el</strong></span> <span class='ocrx_word' id='word_1_229' title='bbox 821 3991 890 4054; x_wconf 69' lang='lat' dir='ltr'><strong>XXI,</strong></span> 
     </span>
    </p>
   </div>
   <div class='ocr_carea' id='block_1_5' title="bbox 99 4240 397 4523">
    <p class='ocr_par' dir='ltr' id='par_1_9' title="bbox 99 4240 397 4523">
     <span class='ocr_line' id='line_1_33' title="bbox 99 4240 347 4384; baseline -0.004 0"><span class='ocrx_word' id='word_1_230' title='bbox 99 4244 240 4384; x_wconf 65' lang='grc' dir='ltr'>ι</span> <span class='ocrx_word' id='word_1_231' title='bbox 344 4240 347 4247; x_wconf 57' lang='grc'>1</span> 
     </span>
     <span class='ocr_line' id='line_1_34' title="bbox 392 4511 397 4523; baseline 0 0"><span class='ocrx_word' id='word_1_232' title='bbox 392 4511 397 4523; x_wconf 74' lang='grc' dir='ltr'><strong><em>Ι</em></strong></span> 
     </span>
    </p>
   </div>
   <div class='ocr_carea' id='block_1_6' title="bbox 0 0 1298 4718">
    <p class='ocr_par' dir='ltr' id='par_1_10' title="bbox 0 0 1298 4718">
     <span class='ocr_line' id='line_1_35' title="bbox 0 0 1298 4718; baseline 0 0"><span class='ocrx_word' id='word_1_233' title='bbox 0 0 1298 4718; x_wconf 95' lang='lat' dir='ltr'><strong> </strong></span> 
     </span>
    </p>
   </div>
  </div>
 </body>
</html>
