<?xml version="1.0" encoding="UTF-8"?>
<!DOCTYPE html PUBLIC "-//W3C//DTD XHTML 1.0 Transitional//EN"
    "http://www.w3.org/TR/xhtml1/DTD/xhtml1-transitional.dtd">
<html xmlns="http://www.w3.org/1999/xhtml" xml:lang="en" lang="en">
 <head>
  <title>
</title>
<meta http-equiv="Content-Type" content="text/html;charset=utf-8" />
  <meta name='ocr-system' content='tesseract 3.04.00' />
  <meta name='ocr-capabilities' content='ocr_page ocr_carea ocr_par ocr_line ocrx_word'/>
</head>
<body>
  <div class='ocr_page' id='page_1' title='image "./diatribeinjohan00unkngoog_0080.png"; bbox 0 0 2586 4718; ppageno 0'>
   <div class='ocr_carea' id='block_1_1' title="bbox 623 306 664 362">
    <p class='ocr_par' dir='ltr' id='par_1_1' title="bbox 623 306 664 362">
     <span class='ocr_line' id='line_1_1' title="bbox 623 306 664 362; baseline 0.049 -1"><span class='ocrx_word' id='word_1_1' title='bbox 623 306 664 362; x_wconf 65' lang='lat' dir='ltr'><strong>bil</strong></span> 
     </span>
    </p>
   </div>
   <div class='ocr_carea' id='block_1_2' title="bbox 156 509 1224 2389">
    <p class='ocr_par' dir='ltr' id='par_1_2' title="bbox 156 509 1224 2389">
     <span class='ocr_line' id='line_1_2' title="bbox 158 509 1136 601; baseline -0.003 -21"><span class='ocrx_word' id='word_1_2' title='bbox 158 514 293 581; x_wconf 76' lang='lat' dir='ltr'><strong>affecerit</strong></span> <span class='ocrx_word' id='word_1_3' title='bbox 320 525 351 578; x_wconf 91' lang='lat' dir='ltr'><strong>ct</strong></span> <span class='ocrx_word' id='word_1_4' title='bbox 377 511 417 575; x_wconf 91' lang='lat' dir='ltr'><strong>ad</strong></span> <span class='ocrx_word' id='word_1_5' title='bbox 438 509 654 577; x_wconf 91' lang='lat' dir='ltr'><strong>meditandum</strong></span> <span class='ocrx_word' id='word_1_6' title='bbox 675 511 873 590; x_wconf 86' lang='lat' dir='ltr'><strong>invitaverit,</strong></span> <span class='ocrx_word' id='word_1_7' title='bbox 898 510 972 576; x_wconf 89' lang='lat' dir='ltr'><strong>hinc</strong></span> <span class='ocrx_word' id='word_1_8' title='bbox 990 513 1136 601; x_wconf 79' lang='lat' dir='ltr'>colligere</span> 
     </span>
     <span class='ocr_line' id='line_1_3' title="bbox 158 630 1138 732; baseline -0.005 -30"><span class='ocrx_word' id='word_1_9' title='bbox 158 635 261 730; x_wconf 77' lang='lat' dir='ltr'><strong>licet,</strong></span> <span class='ocrx_word' id='word_1_10' title='bbox 296 630 380 725; x_wconf 91' lang='lat' dir='ltr'><strong>quod</strong></span> <span class='ocrx_word' id='word_1_11' title='bbox 419 635 540 732; x_wconf 77' lang='lat' dir='ltr'><strong>saepius</strong></span> <span class='ocrx_word' id='word_1_12' title='bbox 577 654 613 698; x_wconf 89' lang='lat' dir='ltr'><strong>ea</strong></span> <span class='ocrx_word' id='word_1_13' title='bbox 643 644 784 721; x_wconf 87' lang='lat' dir='ltr'><strong>tempora</strong></span> <span class='ocrx_word' id='word_1_14' title='bbox 812 630 959 722; x_wconf 86' lang='lat' dir='ltr'><strong>deinceps</strong></span> <span class='ocrx_word' id='word_1_15' title='bbox 988 635 1138 699; x_wconf 77' lang='lat' dir='ltr'><strong>memoria</strong></span> 
     </span>
     <span class='ocr_line' id='line_1_4' title="bbox 157 728 1136 845; baseline -0.002 -23"><span class='ocrx_word' id='word_1_16' title='bbox 157 759 286 825; x_wconf 88' lang='lat' dir='ltr'><strong>recoluit</strong></span> <span class='ocrx_word' id='word_1_17' title='bbox 314 765 340 825; x_wconf 86' lang='lat'><strong>¹.</strong></span> <span class='ocrx_word' id='word_1_18' title='bbox 403 728 534 822; x_wconf 77' lang='lat' dir='ltr'><strong>Summo</strong></span> <span class='ocrx_word' id='word_1_19' title='bbox 562 753 668 820; x_wconf 90' lang='lat' dir='ltr'><strong>dolore</strong></span> <span class='ocrx_word' id='word_1_20' title='bbox 700 752 869 820; x_wconf 84' lang='lat' dir='ltr'><strong>dirissimas</strong></span> <span class='ocrx_word' id='word_1_21' title='bbox 898 753 1136 845; x_wconf 89' lang='lat' dir='ltr'><strong>contemplaba-</strong></span> 
     </span>
     <span class='ocr_line' id='line_1_5' title="bbox 159 863 1224 966; baseline -0.005 -21"><span class='ocrx_word' id='word_1_22' title='bbox 159 894 210 958; x_wconf 78' lang='lat' dir='ltr'><strong>tur</strong></span> <span class='ocrx_word' id='word_1_23' title='bbox 234 878 445 957; x_wconf 77' lang='lat' dir='ltr'><strong>calamitates,</strong></span> <span class='ocrx_word' id='word_1_24' title='bbox 477 898 558 966; x_wconf 90' lang='lat' dir='ltr'><strong>qnae</strong></span> <span class='ocrx_word' id='word_1_25' title='bbox 576 875 784 966; x_wconf 80' lang='lat' dir='ltr'><strong>pestilentiam</strong></span> <span class='ocrx_word' id='word_1_26' title='bbox 804 875 889 941; x_wconf 90' lang='lat' dir='ltr'><strong>illam</strong></span> <span class='ocrx_word' id='word_1_27' title='bbox 909 869 1136 942; x_wconf 83' lang='lat' dir='ltr'><strong>comitabantur</strong></span> <span class='ocrx_word' id='word_1_28' title='bbox 1222 863 1224 867; x_wconf 47' lang='grc'>’</span> 
     </span>
     <span class='ocr_line' id='line_1_6' title="bbox 157 994 1139 1089; baseline -0.003 -25"><span class='ocrx_word' id='word_1_29' title='bbox 157 1015 189 1065; x_wconf 89' lang='lat' dir='ltr'><strong>et</strong></span> <span class='ocrx_word' id='word_1_30' title='bbox 219 1001 435 1089; x_wconf 85' lang='lat' dir='ltr'><strong>sequebantur.</strong></span> <span class='ocrx_word' id='word_1_31' title='bbox 491 997 560 1064; x_wconf 91' lang='lat' dir='ltr'><strong>Non</strong></span> <span class='ocrx_word' id='word_1_32' title='bbox 590 1009 656 1063; x_wconf 88' lang='lat' dir='ltr'><strong>erat</strong></span> <span class='ocrx_word' id='word_1_33' title='bbox 683 994 869 1077; x_wconf 85' lang='lat' dir='ltr'><strong>absurdum,</strong></span> <span class='ocrx_word' id='word_1_34' title='bbox 898 997 923 1062; x_wconf 88' lang='lat' dir='ltr'><strong>si</strong></span> <span class='ocrx_word' id='word_1_35' title='bbox 951 996 1139 1086; x_wconf 75' lang='lat' dir='ltr'><strong>exspectatio</strong></span> 
     </span>
     <span class='ocr_line' id='line_1_7' title="bbox 158 1116 1154 1208; baseline -0.002 -25"><span class='ocrx_word' id='word_1_36' title='bbox 158 1133 294 1185; x_wconf 89' lang='lat' dir='ltr'><strong>mentem</strong></span> <span class='ocrx_word' id='word_1_37' title='bbox 323 1122 388 1208; x_wconf 87' lang='lat' dir='ltr'><strong>ejus</strong></span> <span class='ocrx_word' id='word_1_38' title='bbox 407 1118 546 1197; x_wconf 89' lang='lat' dir='ltr'><strong>subiret,</strong></span> <span class='ocrx_word' id='word_1_39' title='bbox 571 1118 637 1183; x_wconf 90' lang='lat' dir='ltr'><strong>fore</strong></span> <span class='ocrx_word' id='word_1_40' title='bbox 658 1129 693 1182; x_wconf 91' lang='lat' dir='ltr'><strong>nt</strong></span> <span class='ocrx_word' id='word_1_41' title='bbox 712 1119 876 1207; x_wconf 88' lang='lat' dir='ltr'><strong>populares</strong></span> <span class='ocrx_word' id='word_1_42' title='bbox 897 1117 1021 1197; x_wconf 89' lang='lat' dir='ltr'><strong>Deam,</strong></span> <span class='ocrx_word' id='word_1_43' title='bbox 1044 1116 1154 1206; x_wconf 88' lang='lat' dir='ltr'><strong>quem</strong></span> 
     </span>
     <span class='ocr_line' id='line_1_8' title="bbox 160 1222 1224 1327; baseline -0.005 -22"><span class='ocrx_word' id='word_1_44' title='bbox 160 1240 219 1305; x_wconf 86' lang='lat' dir='ltr'><strong>sibi</strong></span> <span class='ocrx_word' id='word_1_45' title='bbox 248 1242 361 1304; x_wconf 89' lang='lat' dir='ltr'><strong>iratum</strong></span> <span class='ocrx_word' id='word_1_46' title='bbox 393 1239 590 1326; x_wconf 79' lang='lat' dir='ltr'><strong>cogitabant,</strong></span> <span class='ocrx_word' id='word_1_47' title='bbox 623 1239 747 1327; x_wconf 85' lang='lat' dir='ltr'><strong>placare</strong></span> <span class='ocrx_word' id='word_1_48' title='bbox 775 1235 956 1317; x_wconf 81' lang='lat' dir='ltr'><strong>studerent,</strong></span> <span class='ocrx_word' id='word_1_49' title='bbox 981 1259 1044 1302; x_wconf 92' lang='lat' dir='ltr'><strong>non</strong></span> <span class='ocrx_word' id='word_1_50' title='bbox 1067 1237 1139 1324; x_wconf 88' lang='lat' dir='ltr'><strong>qui·</strong></span> <span class='ocrx_word' id='word_1_51' title='bbox 1218 1222 1224 1233; x_wconf 52' lang='lat'><strong><em>⁴</em></strong></span> 
     </span>
     <span class='ocr_line' id='line_1_9' title="bbox 161 1354 1139 1447; baseline -0.002 -23"><span class='ocrx_word' id='word_1_52' title='bbox 161 1359 231 1426; x_wconf 90' lang='lat' dir='ltr'><strong>dem</strong></span> <span class='ocrx_word' id='word_1_53' title='bbox 251 1357 435 1447; x_wconf 81' lang='lat' dir='ltr'><strong>flagellando</strong></span> <span class='ocrx_word' id='word_1_54' title='bbox 456 1373 485 1424; x_wconf 92' lang='lat' dir='ltr'><strong>et</strong></span> <span class='ocrx_word' id='word_1_55' title='bbox 504 1354 674 1425; x_wconf 87' lang='lat' dir='ltr'><strong>cruciando</strong></span> <span class='ocrx_word' id='word_1_56' title='bbox 697 1380 830 1447; x_wconf 87' lang='lat' dir='ltr'><strong>corpora</strong></span> <span class='ocrx_word' id='word_1_57' title='bbox 846 1380 918 1438; x_wconf 85' lang='lat' dir='ltr'><strong>sna,</strong></span> <span class='ocrx_word' id='word_1_58' title='bbox 937 1356 990 1423; x_wconf 91' lang='lat' dir='ltr'><strong>sed</strong></span> <span class='ocrx_word' id='word_1_59' title='bbox 1010 1357 1139 1445; x_wconf 89' lang='lat' dir='ltr'><strong>resipis-</strong></span> 
     </span>
     <span class='ocr_line' id='line_1_10' title="bbox 158 1467 1138 1569; baseline -0.004 -23"><span class='ocrx_word' id='word_1_60' title='bbox 158 1483 259 1548; x_wconf 73' lang='lat' dir='ltr'><strong>centia</strong></span> <span class='ocrx_word' id='word_1_61' title='bbox 286 1495 318 1546; x_wconf 85' lang='lat' dir='ltr'><strong>et</strong></span> <span class='ocrx_word' id='word_1_62' title='bbox 345 1467 436 1546; x_wconf 50' lang='lat' dir='ltr'><strong>ritae¹</strong></span> <span class='ocrx_word' id='word_1_63' title='bbox 453 1500 640 1569; x_wconf 87' lang='lat' dir='ltr'><strong>morumque</strong></span> <span class='ocrx_word' id='word_1_64' title='bbox 664 1477 893 1549; x_wconf 86' lang='lat' dir='ltr'><strong>emendatione.</strong></span> <span class='ocrx_word' id='word_1_65' title='bbox 940 1476 1138 1545; x_wconf 77' lang='lat' dir='ltr'><strong>Contrarium</strong></span> 
     </span>
     <span class='ocr_line' id='line_1_11' title="bbox 157 1597 1139 1680; baseline -0.005 -13"><span class='ocrx_word' id='word_1_66' title='bbox 157 1623 228 1667; x_wconf 80' lang='lat' dir='ltr'><strong>soro</strong></span> <span class='ocrx_word' id='word_1_67' title='bbox 266 1599 448 1679; x_wconf 87' lang='lat' dir='ltr'><strong>obtinebat,</strong></span> <span class='ocrx_word' id='word_1_68' title='bbox 481 1611 548 1664; x_wconf 87' lang='lat' dir='ltr'><strong>tom</strong></span> <span class='ocrx_word' id='word_1_69' title='bbox 586 1597 667 1664; x_wconf 89' lang='lat' dir='ltr'><strong>inter</strong></span> <span class='ocrx_word' id='word_1_70' title='bbox 696 1598 846 1680; x_wconf 89' lang='lat' dir='ltr'><strong>elericos,</strong></span> <span class='ocrx_word' id='word_1_71' title='bbox 876 1612 945 1666; x_wconf 89' lang='lat' dir='ltr'><strong>tnm</strong></span> <span class='ocrx_word' id='word_1_72' title='bbox 970 1597 1051 1664; x_wconf 88' lang='lat' dir='ltr'><strong>inter</strong></span> <span class='ocrx_word' id='word_1_73' title='bbox 1079 1597 1139 1664; x_wconf 89' lang='lat' dir='ltr'><strong>lai·</strong></span> 
     </span>
     <span class='ocr_line' id='line_1_12' title="bbox 158 1710 1140 1803; baseline -0.003 -16"><span class='ocrx_word' id='word_1_74' title='bbox 158 1744 229 1803; x_wconf 83' lang='lat' dir='ltr'><strong>ccs3</strong></span> <span class='ocrx_word' id='word_1_75' title='bbox 266 1733 296 1786; x_wconf 89' lang='lat' dir='ltr'><strong>et</strong></span> <span class='ocrx_word' id='word_1_76' title='bbox 327 1720 452 1786; x_wconf 89' lang='lat' dir='ltr'><strong>dolebat</strong></span> <span class='ocrx_word' id='word_1_77' title='bbox 481 1710 553 1785; x_wconf 82' lang='lat' dir='ltr'><strong>nine</strong></span> <span class='ocrx_word' id='word_1_78' title='bbox 581 1719 740 1786; x_wconf 82' lang='lat' dir='ltr'><strong>Wielillas</strong></span> <span class='ocrx_word' id='word_1_79' title='bbox 767 1742 876 1786; x_wconf 83' lang='lat' dir='ltr'><strong>aarum</strong></span> <span class='ocrx_word' id='word_1_80' title='bbox 900 1719 983 1788; x_wconf 86' lang='lat' dir='ltr'><strong>istud</strong></span> <span class='ocrx_word' id='word_1_81' title='bbox 1002 1718 1140 1786; x_wconf 89' lang='lat' dir='ltr'><strong>tenebris</strong></span> 
     </span>
     <span class='ocr_line' id='line_1_13' title="bbox 159 1822 1141 1910; baseline -0.003 -3"><span class='ocrx_word' id='word_1_82' title='bbox 159 1822 261 1907; x_wconf 90' lang='lat' dir='ltr'><strong>adbuc</strong></span> <span class='ocrx_word' id='word_1_83' title='bbox 288 1855 320 1907; x_wconf 91' lang='lat' dir='ltr'><strong>et</strong></span> <span class='ocrx_word' id='word_1_84' title='bbox 348 1841 431 1907; x_wconf 83' lang='lat' dir='ltr'><strong>vitiis</strong></span> <span class='ocrx_word' id='word_1_85' title='bbox 455 1842 561 1907; x_wconf 89' lang='lat' dir='ltr'><strong>multis</strong></span> <span class='ocrx_word' id='word_1_86' title='bbox 581 1841 741 1910; x_wconf 87' lang='lat' dir='ltr'><strong>obrutum.</strong></span> <span class='ocrx_word' id='word_1_87' title='bbox 787 1841 900 1910; x_wconf 87' lang='lat' dir='ltr'><strong>Ubiris</strong></span> <span class='ocrx_word' id='word_1_88' title='bbox 919 1840 1089 1907; x_wconf 81' lang='lat' dir='ltr'><strong>devastatio</strong></span> <span class='ocrx_word' id='word_1_89' title='bbox 1109 1852 1141 1904; x_wconf 91' lang='lat' dir='ltr'><strong>et</strong></span> 
     </span>
     <span class='ocr_line' id='line_1_14' title="bbox 159 1960 1142 2055; baseline -0.005 -27"><span class='ocrx_word' id='word_1_90' title='bbox 159 1978 324 2055; x_wconf 89' lang='lat' dir='ltr'><strong>paupertas</strong></span> <span class='ocrx_word' id='word_1_91' title='bbox 351 1975 421 2052; x_wconf 88' lang='lat' dir='ltr'><strong>post</strong></span> <span class='ocrx_word' id='word_1_92' title='bbox 450 1974 567 2051; x_wconf 91' lang='lat' dir='ltr'><strong>pestem</strong></span> <span class='ocrx_word' id='word_1_93' title='bbox 594 1962 823 2040; x_wconf 89' lang='lat' dir='ltr'><strong>cernebantur,</strong></span> <span class='ocrx_word' id='word_1_94' title='bbox 852 1961 959 2048; x_wconf 79' lang='lat' dir='ltr'><strong>ingens</strong></span> <span class='ocrx_word' id='word_1_95' title='bbox 978 1960 1142 2027; x_wconf 87' lang='lat' dir='ltr'><strong>hominum</strong></span> 
     </span>
     <span class='ocr_line' id='line_1_15' title="bbox 156 2074 1141 2156; baseline -0.002 -10"><span class='ocrx_word' id='word_1_96' title='bbox 156 2074 301 2147; x_wconf 85' lang='lat' dir='ltr'><strong>numeras</strong></span> <span class='ocrx_word' id='word_1_97' title='bbox 321 2079 477 2144; x_wconf 87' lang='lat' dir='ltr'><strong>demessus</strong></span> <span class='ocrx_word' id='word_1_98' title='bbox 498 2091 583 2156; x_wconf 91' lang='lat' dir='ltr'><strong>erat,</strong></span> <span class='ocrx_word' id='word_1_99' title='bbox 603 2079 685 2147; x_wconf 73' lang='lat' dir='ltr'><strong>ritae</strong></span> <span class='ocrx_word' id='word_1_100' title='bbox 702 2078 821 2146; x_wconf 87' lang='lat' dir='ltr'><strong>socialis</strong></span> <span class='ocrx_word' id='word_1_101' title='bbox 840 2077 1012 2145; x_wconf 90' lang='lat' dir='ltr'><strong>miserrima</strong></span> <span class='ocrx_word' id='word_1_102' title='bbox 1031 2077 1141 2145; x_wconf 91' lang='lat' dir='ltr'><strong>condi·</strong></span> 
     </span>
     <span class='ocr_line' id='line_1_16' title="bbox 158 2199 1139 2290; baseline 0.002 -25"><span class='ocrx_word' id='word_1_103' title='bbox 158 2204 223 2276; x_wconf 90' lang='lat' dir='ltr'><strong>tio,</strong></span> <span class='ocrx_word' id='word_1_104' title='bbox 257 2199 442 2264; x_wconf 88' lang='lat' dir='ltr'><strong>rusticorum</strong></span> <span class='ocrx_word' id='word_1_105' title='bbox 455 2247 465 2280; x_wconf 95' lang='lat'><strong>,</strong></span> <span class='ocrx_word' id='word_1_106' title='bbox 490 2200 544 2288; x_wconf 91' lang='lat' dir='ltr'><strong>qui</strong></span> <span class='ocrx_word' id='word_1_107' title='bbox 564 2221 652 2288; x_wconf 78' lang='lat' dir='ltr'><strong>agros</strong></span> <span class='ocrx_word' id='word_1_108' title='bbox 679 2200 836 2282; x_wconf 88' lang='lat' dir='ltr'><strong>colerent,</strong></span> <span class='ocrx_word' id='word_1_109' title='bbox 862 2201 992 2290; x_wconf 91' lang='lat' dir='ltr'><strong>penuria</strong></span> <span class='ocrx_word' id='word_1_110' title='bbox 1005 2250 1016 2281; x_wconf 96' lang='lat'><strong>,</strong></span> <span class='ocrx_word' id='word_1_111' title='bbox 1040 2199 1139 2267; x_wconf 92' lang='lat' dir='ltr'><strong>ditio-</strong></span> 
     </span>
     <span class='ocr_line' id='line_1_17' title="bbox 158 2319 1140 2389; baseline 0.002 -5"><span class='ocrx_word' id='word_1_112' title='bbox 158 2341 228 2385; x_wconf 88' lang='lat' dir='ltr'><strong>rum</strong></span> <span class='ocrx_word' id='word_1_113' title='bbox 254 2320 285 2384; x_wconf 90' lang='lat' dir='ltr'><strong>in</strong></span> <span class='ocrx_word' id='word_1_114' title='bbox 306 2321 427 2385; x_wconf 89' lang='lat' dir='ltr'><strong>castella</strong></span> <span class='ocrx_word' id='word_1_115' title='bbox 446 2341 600 2389; x_wconf 85' lang='lat' dir='ltr'><strong>recessus:</strong></span> <span class='ocrx_word' id='word_1_116' title='bbox 629 2319 678 2387; x_wconf 87' lang='lat' dir='ltr'><strong>his</strong></span> <span class='ocrx_word' id='word_1_117' title='bbox 701 2322 833 2387; x_wconf 90' lang='lat' dir='ltr'><strong>miseriis</strong></span> <span class='ocrx_word' id='word_1_118' title='bbox 857 2333 1051 2386; x_wconf 86' lang='lat' dir='ltr'><strong>accesserunt</strong></span> <span class='ocrx_word' id='word_1_119' title='bbox 1071 2321 1140 2388; x_wconf 84' lang='lat' dir='ltr'><strong>cle-</strong></span> 
     </span>
    </p>
   </div>
   <div class='ocr_carea' id='block_1_3' title="bbox 157 2439 1211 2532">
    <p class='ocr_par' dir='ltr' id='par_1_3' title="bbox 157 2439 1211 2532">
     <span class='ocr_line' id='line_1_18' title="bbox 157 2439 1211 2532; baseline 0.005 -28"><span class='ocrx_word' id='word_1_120' title='bbox 157 2439 291 2505; x_wconf 86' lang='lat' dir='ltr'><strong>ricorum</strong></span> <span class='ocrx_word' id='word_1_121' title='bbox 312 2439 476 2530; x_wconf 85' lang='lat' dir='ltr'><strong>stupiditas</strong></span> <span class='ocrx_word' id='word_1_122' title='bbox 494 2454 525 2507; x_wconf 92' lang='lat' dir='ltr'><strong>et</strong></span> <span class='ocrx_word' id='word_1_123' title='bbox 544 2443 720 2531; x_wconf 90' lang='lat' dir='ltr'><strong>corruptio,</strong></span> <span class='ocrx_word' id='word_1_124' title='bbox 744 2443 965 2532; x_wconf 78' lang='lat' dir='ltr'><strong>universaeque</strong></span> <span class='ocrx_word' id='word_1_125' title='bbox 982 2442 1140 2509; x_wconf 84' lang='lat' dir='ltr'><strong>Ecclesiae</strong></span> <span class='ocrx_word' id='word_1_126' title='bbox 1202 2456 1211 2475; x_wconf 77' lang='lat'>²</span> 
     </span>
    </p>
   </div>
   <div class='ocr_carea' id='block_1_4' title="bbox 156 2561 1190 3354">
    <p class='ocr_par' dir='ltr' id='par_1_4' title="bbox 156 2561 1190 3354">
     <span class='ocr_line' id='line_1_19' title="bbox 158 2561 1138 2653; baseline 0.006 -27"><span class='ocrx_word' id='word_1_127' title='bbox 158 2563 348 2649; x_wconf 73' lang='lat' dir='ltr'><strong>Anglicanae</strong></span> <span class='ocrx_word' id='word_1_128' title='bbox 365 2562 504 2627; x_wconf 89' lang='lat' dir='ltr'><strong>conditio</strong></span> <span class='ocrx_word' id='word_1_129' title='bbox 525 2561 726 2652; x_wconf 88' lang='lat' dir='ltr'><strong>deploranda.</strong></span> <span class='ocrx_word' id='word_1_130' title='bbox 752 2563 881 2629; x_wconf 79' lang='lat' dir='ltr'><strong>»Tanta</strong></span> <span class='ocrx_word' id='word_1_131' title='bbox 900 2564 1032 2653; x_wconf 87' lang='lat' dir='ltr'><strong>penuria</strong></span> <span class='ocrx_word' id='word_1_132' title='bbox 1053 2579 1138 2646; x_wconf 62' lang='lat' dir='ltr'><strong>erat,</strong></span> 
     </span>
     <span class='ocr_line' id='line_1_20' title="bbox 159 2681 1140 2774; baseline 0.004 -26"><span class='ocrx_word' id='word_1_133' title='bbox 159 2681 264 2748; x_wconf 91' lang='lat' dir='ltr'><strong>scribit</strong></span> <span class='ocrx_word' id='word_1_134' title='bbox 285 2681 508 2770; x_wconf 76' lang='lat' dir='ltr'><strong>ttnyghtonus&#39;,</strong></span> <span class='ocrx_word' id='word_1_135' title='bbox 532 2682 724 2748; x_wconf 88' lang='lat' dir='ltr'><strong>sacerdotum</strong></span> <span class='ocrx_word' id='word_1_136' title='bbox 756 2684 894 2774; x_wconf 88' lang='lat' dir='ltr'><strong>ubique,</strong></span> <span class='ocrx_word' id='word_1_137' title='bbox 919 2683 1003 2773; x_wconf 92' lang='lat' dir='ltr'><strong>quod</strong></span> <span class='ocrx_word' id='word_1_138' title='bbox 1024 2687 1140 2752; x_wconf 92' lang='lat' dir='ltr'><strong>multae</strong></span> 
     </span>
     <span class='ocr_line' id='line_1_21' title="bbox 157 2801 1138 2897; baseline 0.007 -31"><span class='ocrx_word' id='word_1_139' title='bbox 157 2802 304 2868; x_wconf 85' lang='lat' dir='ltr'><strong>ccclesiae</strong></span> <span class='ocrx_word' id='word_1_140' title='bbox 330 2801 475 2897; x_wconf 74' lang='lat' dir='ltr'><strong>viduatae</strong></span> <span class='ocrx_word' id='word_1_141' title='bbox 501 2816 589 2869; x_wconf 80' lang='lat' dir='ltr'><strong>erant</strong></span> <span class='ocrx_word' id='word_1_142' title='bbox 614 2816 751 2870; x_wconf 90' lang='lat' dir='ltr'><strong>carentes</strong></span> <span class='ocrx_word' id='word_1_143' title='bbox 770 2804 884 2871; x_wconf 85' lang='lat' dir='ltr'><strong>divinis</strong></span> <span class='ocrx_word' id='word_1_144' title='bbox 903 2805 1034 2884; x_wconf 89' lang='lat' dir='ltr'><strong>officiis,</strong></span> <span class='ocrx_word' id='word_1_145' title='bbox 1058 2807 1138 2873; x_wconf 89' lang='lat' dir='ltr'><strong>mis·</strong></span> 
     </span>
     <span class='ocr_line' id='line_1_22' title="bbox 156 2910 1190 3014; baseline 0.001 -23"><span class='ocrx_word' id='word_1_146' title='bbox 156 2927 216 3004; x_wconf 89' lang='lat' dir='ltr'><strong>sis,</strong></span> <span class='ocrx_word' id='word_1_147' title='bbox 241 2925 420 3004; x_wconf 88' lang='lat' dir='ltr'><strong>matutinis,</strong></span> <span class='ocrx_word' id='word_1_148' title='bbox 445 2910 600 3014; x_wconf 75' lang='lat' dir='ltr'><strong>vesperis,</strong></span> <span class='ocrx_word' id='word_1_149' title='bbox 625 2926 826 2992; x_wconf 87' lang='lat' dir='ltr'><strong>sacramentis</strong></span> <span class='ocrx_word' id='word_1_150' title='bbox 851 2940 882 2992; x_wconf 90' lang='lat' dir='ltr'><strong>et</strong></span> <span class='ocrx_word' id='word_1_151' title='bbox 902 2928 1137 2992; x_wconf 90' lang='lat' dir='ltr'><strong>sacramentali·</strong></span> <span class='ocrx_word' id='word_1_152' title='bbox 1185 2922 1190 2934; x_wconf 81' lang='grc'><em>’</em></span> 
     </span>
     <span class='ocr_line' id='line_1_23' title="bbox 158 3045 1134 3136; baseline 0.004 -24"><span class='ocrx_word' id='word_1_153' title='bbox 158 3048 225 3115; x_wconf 85' lang='lat' dir='ltr'><strong>bus.</strong></span> <span class='ocrx_word' id='word_1_154' title='bbox 256 3047 314 3111; x_wconf 73' lang='lat' dir='ltr'><strong>vix</strong></span> <span class='ocrx_word' id='word_1_155' title='bbox 332 3059 434 3136; x_wconf 86' lang='lat' dir='ltr'><strong>posset</strong></span> <span class='ocrx_word' id='word_1_156' title='bbox 453 3045 546 3111; x_wconf 92' lang='lat' dir='ltr'><strong>homo</strong></span> <span class='ocrx_word' id='word_1_157' title='bbox 564 3045 681 3112; x_wconf 88' lang='lat' dir='ltr'><strong>babere</strong></span> <span class='ocrx_word' id='word_1_158' title='bbox 692 3069 787 3111; x_wconf 84' lang='lat' dir='ltr'><strong>annm</strong></span> <span class='ocrx_word' id='word_1_159' title='bbox 798 3047 990 3136; x_wconf 90' lang='lat' dir='ltr'><strong>capellanum</strong></span> <span class='ocrx_word' id='word_1_160' title='bbox 1001 3046 1080 3111; x_wconf 88' lang='lat' dir='ltr'><strong>infra</strong></span> <span class='ocrx_word' id='word_1_161' title='bbox 1091 3048 1134 3116; x_wconf 83' lang='lat' dir='ltr'><strong>X.</strong></span> 
     </span>
     <span class='ocr_line' id='line_1_24' title="bbox 157 3166 1136 3238; baseline 0 -5"><span class='ocrx_word' id='word_1_162' title='bbox 157 3169 191 3237; x_wconf 64' lang='lat' dir='ltr'><strong>li,</strong></span> <span class='ocrx_word' id='word_1_163' title='bbox 219 3167 268 3232; x_wconf 84' lang='lat' dir='ltr'><strong>sel</strong></span> <span class='ocrx_word' id='word_1_164' title='bbox 297 3166 336 3234; x_wconf 85' lang='lat' dir='ltr'><strong>x.</strong></span> <span class='ocrx_word' id='word_1_165' title='bbox 365 3188 483 3232; x_wconf 90' lang='lat' dir='ltr'><strong>marcas</strong></span> <span class='ocrx_word' id='word_1_166' title='bbox 503 3166 679 3232; x_wconf 88' lang='lat' dir='ltr'><strong>ministrare</strong></span> <span class='ocrx_word' id='word_1_167' title='bbox 707 3168 802 3233; x_wconf 88' lang='lat' dir='ltr'><strong>alicui</strong></span> <span class='ocrx_word' id='word_1_168' title='bbox 831 3168 990 3238; x_wconf 87' lang='lat' dir='ltr'><strong>ecclesiae.</strong></span> <span class='ocrx_word' id='word_1_169' title='bbox 1008 3207 1054 3220; x_wconf 90' lang='lat'><em>-</em></span> <span class='ocrx_word' id='word_1_170' title='bbox 1071 3166 1136 3235; x_wconf 87' lang='lat' dir='ltr'><strong>Sed</strong></span> 
     </span>
     <span class='ocr_line' id='line_1_25' title="bbox 157 3286 1139 3354; baseline 0.001 -2"><span class='ocrx_word' id='word_1_171' title='bbox 157 3286 237 3353; x_wconf 86' lang='lat' dir='ltr'><strong>infra</strong></span> <span class='ocrx_word' id='word_1_172' title='bbox 267 3288 360 3352; x_wconf 79' lang='lat' dir='ltr'><strong>breve</strong></span> <span class='ocrx_word' id='word_1_173' title='bbox 389 3286 587 3352; x_wconf 88' lang='lat' dir='ltr'><strong>confluebant</strong></span> <span class='ocrx_word' id='word_1_174' title='bbox 622 3287 660 3352; x_wconf 85' lang='lat' dir='ltr'><strong>ad</strong></span> <span class='ocrx_word' id='word_1_175' title='bbox 696 3287 820 3352; x_wconf 90' lang='lat' dir='ltr'><strong>ordines</strong></span> <span class='ocrx_word' id='word_1_176' title='bbox 856 3287 988 3352; x_wconf 79' lang='lat' dir='ltr'><strong>maxima</strong></span> <span class='ocrx_word' id='word_1_177' title='bbox 1025 3289 1139 3354; x_wconf 87' lang='lat' dir='ltr'><strong>multi·-</strong></span> 
     </span>
    </p>
   </div>
   <div class='ocr_carea' id='block_1_5' title="bbox 159 3442 467 3454">
    <p class='ocr_par' dir='ltr' id='par_1_5' title="bbox 159 3442 467 3454">
     <span class='ocr_line' id='line_1_26' title="bbox 159 3442 467 3454; baseline -0.003 -1"><span class='ocrx_word' id='word_1_178' title='bbox 159 3442 467 3454; x_wconf 59' lang='lat' dir='ltr'><strong>wan-uu-</strong></span> 
     </span>
    </p>
   </div>
   <div class='ocr_carea' id='block_1_6' title="bbox 187 3513 1187 4072">
    <p class='ocr_par' dir='ltr' id='par_1_6' title="bbox 187 3513 1187 4072">
     <span class='ocr_line' id='line_1_27' title="bbox 187 3513 1142 3580; baseline 0.002 -16"><span class='ocrx_word' id='word_1_179' title='bbox 187 3517 246 3564; x_wconf 87' lang='lat' dir='ltr'><strong>¹ln</strong></span> <span class='ocrx_word' id='word_1_180' title='bbox 274 3516 359 3566; x_wconf 84' lang='lat' dir='ltr'><strong>Trial.</strong></span> <span class='ocrx_word' id='word_1_181' title='bbox 383 3513 436 3563; x_wconf 83' lang='lat' dir='ltr'><strong>tib.</strong></span> <span class='ocrx_word' id='word_1_182' title='bbox 466 3515 512 3564; x_wconf 87' lang='lat' dir='ltr'><strong>tv.</strong></span> <span class='ocrx_word' id='word_1_183' title='bbox 537 3529 561 3563; x_wconf 85' lang='lat' dir='ltr'><strong>c.</strong></span> <span class='ocrx_word' id='word_1_184' title='bbox 591 3513 635 3565; x_wconf 83' lang='lat'><strong>35.</strong></span> <span class='ocrx_word' id='word_1_185' title='bbox 661 3513 840 3577; x_wconf 84' lang='lat' dir='ltr'><strong>pestilentiae,</strong></span> <span class='ocrx_word' id='word_1_186' title='bbox 867 3514 941 3578; x_wconf 90' lang='lat' dir='ltr'><strong>cnjus</strong></span> <span class='ocrx_word' id='word_1_187' title='bbox 960 3517 1050 3580; x_wconf 85' lang='lat' dir='ltr'><strong>postea</strong></span> <span class='ocrx_word' id='word_1_188' title='bbox 1066 3516 1142 3566; x_wconf 82' lang='lat' dir='ltr'><strong>etiam</strong></span> 
     </span>
     <span class='ocr_line' id='line_1_28' title="bbox 220 3598 1143 3664; baseline 0.001 -15"><span class='ocrx_word' id='word_1_189' title='bbox 220 3602 325 3664; x_wconf 72' lang='lat' dir='ltr'><strong>vestigia</strong></span> <span class='ocrx_word' id='word_1_190' title='bbox 349 3600 458 3649; x_wconf 79' lang='lat' dir='ltr'><strong>adfuisse</strong></span> <span class='ocrx_word' id='word_1_191' title='bbox 485 3598 621 3656; x_wconf 83' lang='lat' dir='ltr'><strong>videntur,</strong></span> <span class='ocrx_word' id='word_1_192' title='bbox 641 3598 758 3660; x_wconf 72' lang='lat' dir='ltr'><strong>tritisque</strong></span> <span class='ocrx_word' id='word_1_193' title='bbox 778 3599 954 3664; x_wconf 85' lang='lat' dir='ltr'><strong>intemperiei,</strong></span> <span class='ocrx_word' id='word_1_194' title='bbox 975 3615 1075 3650; x_wconf 86' lang='lat' dir='ltr'><strong>causam</strong></span> <span class='ocrx_word' id='word_1_195' title='bbox 1094 3616 1143 3650; x_wconf 91' lang='lat' dir='ltr'><strong>no·</strong></span> 
     </span>
     <span class='ocr_line' id='line_1_29' title="bbox 217 3682 1187 3748; baseline 0.002 -16"><span class='ocrx_word' id='word_1_196' title='bbox 217 3698 273 3732; x_wconf 73' lang='lat' dir='ltr'><strong>nam</strong></span> <span class='ocrx_word' id='word_1_197' title='bbox 298 3685 454 3748; x_wconf 78' lang='lat' dir='ltr'><strong>exploravit,</strong></span> <span class='ocrx_word' id='word_1_198' title='bbox 472 3702 473 3708; x_wconf 51' lang='lat'>¹</span> <span class='ocrx_word' id='word_1_199' title='bbox 490 3682 632 3731; x_wconf 84' lang='lat' dir='ltr'><strong>attribuens</strong></span> <span class='ocrx_word' id='word_1_200' title='bbox 657 3698 711 3730; x_wconf 84' lang='lat' dir='ltr'><strong>earn</strong></span> <span class='ocrx_word' id='word_1_201' title='bbox 740 3684 832 3747; x_wconf 82' lang='lat' dir='ltr'><strong>partim</strong></span> <span class='ocrx_word' id='word_1_202' title='bbox 861 3684 965 3731; x_wconf 80' lang='lat' dir='ltr'><strong>fratrum</strong></span> <span class='ocrx_word' id='word_1_203' title='bbox 994 3685 1139 3734; x_wconf 84' lang='lat' dir='ltr'><strong>llendicnn·</strong></span> <span class='ocrx_word' id='word_1_204' title='bbox 1185 3737 1187 3745; x_wconf 66' lang='grc'>,</span> 
     </span>
     <span class='ocr_line' id='line_1_30' title="bbox 217 3766 1141 3831; baseline 0.004 -17"><span class='ocrx_word' id='word_1_205' title='bbox 217 3766 281 3815; x_wconf 89' lang='lat' dir='ltr'><strong>tium</strong></span> <span class='ocrx_word' id='word_1_206' title='bbox 299 3768 367 3817; x_wconf 78' lang='lat' dir='ltr'><strong>vitae</strong></span> <span class='ocrx_word' id='word_1_207' title='bbox 383 3769 480 3818; x_wconf 84' lang='lat' dir='ltr'><strong>otiosae</strong></span> <span class='ocrx_word' id='word_1_208' title='bbox 500 3771 526 3817; x_wconf 88' lang='lat' dir='ltr'><strong>et</strong></span> <span class='ocrx_word' id='word_1_209' title='bbox 544 3767 627 3831; x_wconf 74' lang='lat' dir='ltr'><strong>gulae.</strong></span> <span class='ocrx_word' id='word_1_210' title='bbox 725 3768 895 3827; x_wconf 70' lang='lat' dir='ltr'><strong>inlicientes,</strong></span> <span class='ocrx_word' id='word_1_211' title='bbox 917 3768 962 3828; x_wconf 91' lang='lat' dir='ltr'><strong>ait,</strong></span> <span class='ocrx_word' id='word_1_212' title='bbox 982 3775 1141 3819; x_wconf 69' lang='lat' dir='ltr'><strong>adsenseum</strong></span> 
     </span>
     <span class='ocr_line' id='line_1_31' title="bbox 219 3852 1141 3917; baseline 0.005 -18"><span class='ocrx_word' id='word_1_213' title='bbox 219 3852 389 3916; x_wconf 62' lang='lat' dir='ltr'><strong>ingurgitata</strong></span> <span class='ocrx_word' id='word_1_214' title='bbox 405 3853 556 3912; x_wconf 77' lang='lat' dir='ltr'><strong>atomaclro,</strong></span> <span class='ocrx_word' id='word_1_215' title='bbox 586 3857 612 3901; x_wconf 86' lang='lat' dir='ltr'><strong>et</strong></span> <span class='ocrx_word' id='word_1_216' title='bbox 629 3853 770 3901; x_wconf 79' lang='lat' dir='ltr'><strong>sudoribus</strong></span> <span class='ocrx_word' id='word_1_217' title='bbox 787 3856 941 3917; x_wconf 78' lang='lat' dir='ltr'><strong>evaporatio</strong></span> <span class='ocrx_word' id='word_1_218' title='bbox 959 3855 1076 3902; x_wconf 75' lang='lat' dir='ltr'><strong>indebite</strong></span> <span class='ocrx_word' id='word_1_219' title='bbox 1095 3856 1141 3904; x_wconf 86' lang='lat' dir='ltr'><strong>in·</strong></span> 
     </span>
     <span class='ocr_line' id='line_1_32' title="bbox 213 3936 1143 4005; baseline 0.008 -22"><span class='ocrx_word' id='word_1_220' title='bbox 213 3936 317 4001; x_wconf 74' lang='lat' dir='ltr'><strong>ficiunt</strong></span> <span class='ocrx_word' id='word_1_221' title='bbox 339 3939 427 3984; x_wconf 76' lang='lat' dir='ltr'><strong>otram</strong></span> <span class='ocrx_word' id='word_1_222' title='bbox 451 3937 646 3997; x_wconf 79' lang='lat' dir='ltr'><strong>communiter,</strong></span> <span class='ocrx_word' id='word_1_223' title='bbox 677 3942 703 3986; x_wconf 83' lang='lat' dir='ltr'><strong>et</strong></span> <span class='ocrx_word' id='word_1_224' title='bbox 726 3937 853 4001; x_wconf 82' lang='lat' dir='ltr'><strong>inferunt</strong></span> <span class='ocrx_word' id='word_1_225' title='bbox 872 3941 930 3988; x_wconf 78' lang='lat' dir='ltr'><strong>auis</strong></span> <span class='ocrx_word' id='word_1_226' title='bbox 958 3940 1143 4005; x_wconf 76' lang='lat' dir='ltr'><strong>confratribus</strong></span> 
     </span>
     <span class='ocr_line' id='line_1_33' title="bbox 217 4025 389 4072; baseline 0 -2"><span class='ocrx_word' id='word_1_227' title='bbox 217 4025 389 4072; x_wconf 77' lang='lat' dir='ltr'><strong>nocumenta.</strong></span> 
     </span>
    </p>
   </div>
   <div class='ocr_carea' id='block_1_7' title="bbox 0 0 1298 4718">
    <p class='ocr_par' dir='ltr' id='par_1_7' title="bbox 0 0 1298 4718">
     <span class='ocr_line' id='line_1_34' title="bbox 0 0 1298 4718; baseline 0 0"><span class='ocrx_word' id='word_1_228' title='bbox 0 0 1298 4718; x_wconf 95' lang='lat' dir='ltr'><strong> </strong></span> 
     </span>
    </p>
   </div>
  </div>
 </body>
</html>
