2586 4718
556 326 598 389 89

97 542 237 608 habitum
258 536 526 607 Westmonasterii
545 558 625 602 anno
646 539 748 616 1366,
769 536 883 624 inquo
902 535 990 602 valde
1008 535 1066 604 do·

96 663 271 727 minabatur
298 657 434 725 studium
460 657 633 739 libertatis,
666 679 728 723 nno
746 655 1065 740 animo‘deotarabat,

95 805 198 872 neque
214 781 372 860 Johanni,
390 801 491 868 neque
511 779 564 844 alii
581 778 648 868 regi
663 800 799 868 unquam
818 779 912 845 fuisse
928 780 1067 870 potesta·
1144 805 1145 809 ¹

96 916 158 969 tem
186 900 372 991 subjiciendi
400 901 458 966 ista
485 898 758 987 rationeregnnm
776 901 906 992 Angliae
924 902 1069 972 Pontifici
1152 960 1161 979 ,

99 1026 258 1093 Romano:
274 1050 278 1063 ι
294 1020 405 1112 quodsi
434 1021 487 1086 hio
514 1034 722 1112 perseveraret
740 1022 773 1086 in
790 1022 995 1113 postuiatione
1016 1025 1068 1090 itta
1154 996 1173 1095 ξ.

99 1146 222 1234 iniquai,
239 1168 286 1224 se,
305 1165 378 1209 cum
398 1154 462 1209 toto
472 1144 606 1232 populo,
618 1141 685 1232 regi
695 1165 819 1209 suoesso
830 1143 1030 1210 subventuros
1042 1155 1069 1215 ¹.
1153 1204 1156 1210 ,

100 1266 150 1331 Ab
169 1264 229 1331 hoo
250 1262 323 1329 inde
339 1276 478 1354 tempore
488 1265 652 1331 Pontifices
661 1264 843 1330 intellexisse
853 1264 1072 1348 ridentur,in·

102 1384 221 1450 finitam
241 1406 272 1449 se
290 1385 434 1474 persequi
452 1406 556 1484 spem,
572 1386 597 1450 si
612 1383 693 1450 huno
706 1406 797 1466 rem,
813 1387 995 1453 auctoritate
1011 1387 1074 1454 for-

102 1506 161 1570 tius
190 1504 390 1594 interpositi,
425 1517 579 1592 urgerent,
637 1505 829 1571 Destiternnt
848 1506 942 1594 igitur
960 1505 1001 1572 ab
1019 1508 1073 1573 in-

102 1638 213 1714 oepto,
229 1636 260 1691 et
279 1624 390 1714 Anglia
408 1623 539 1690 liberata
555 1623 701 1715 deinceps
715 1623 776 1692 fnit
790 1623 829 1690 ab
844 1624 903 1693 isto
918 1625 1036 1695 tributo
1047 1637 1074 1698 ².

147 1866 352 1950 Parliamenti·
374 1867 430 1933 illa¹
447 1863 614 1936 declaratio
632 1868 754 1958 plaeere
774 1867 913 1957 profecto
934 1889 996 1933 non
1016 1890 1079 1958 po-

103 1984 641 2054 terat·Hierarohiae-rindieibut's
666 1983 783 2051 idoiroo
809 1986 923 2050 mirum
946 1986 1082 2066 fuisset,-

103 2109 136 2172 ni
164 2106 332 2173 monachus
361 2107 472 2195 aliquis
500 2105 664 2195 prodiisset
689 2102 729 2169 ad
759 2102 987 2178 defendendam
1016 2108 1081 2173 Pa-

104 2248 162 2314 pae
199 2224 475 2314 postulationem.¹
503 2225 574 2292 Mor
608 2246 732 2315 quoque
766 2223 850 2291 edita
882 2239 928 2293 est
959 2250 978 2292 a
1007 2249 1079 2295 mo·
1176 2299 1179 2304 ,

24 2341 36 2413 J
104 2343 204 2410 naoho
228 2343 365 2410 defensio
381 2343 552 2434 quaedam,
572 2366 685 2411 nomen
700 2344 834 2411 auctoris
847 2348 909 2410 non
921 2345 1077 2436 professa:

106 2470 167 2554 quo
183 2466 216 2530 in
228 2465 333 2530 libello
348 2465 480 2553 scriptor
492 2463 680 2554 provocabat
691 2464 867 2532 Wi'oliffnm
877 2466 1079 2549 nominatim,

107 2598 142 2651 ut
165 2558 313 2652 resisteret
337 2583 433 2674 ipsius
450 2589 630 2674 argumenta
647 2607 704 2675 pro
717 2585 800 2674 justi
820 2586 923 2675 Papae
940 2587 1081 2678 postuln÷

108 2703 210 2787 tione,
235 2717 266 2770 ot
285 2702 466 2770 defenderet
484 2717 604 2771 senatus
623 2704 754 2794 Angliae
773 2706 957 2777 consultum.
997 2708 1081 2776 Hine
1155 2784 1158 2788 ¹

137 2950 146 2985 ¹
172 2951 268 3008 Hunno,
288 2947 358 2996 neas.
376 2948 410 3012 of
421 2946 500 3012 Eupl.
522 2964 578 3013 cap.
599 2949 640 2998 16.

134 3035 146 3070 ²
171 3034 209 3084 Ab
234 3033 284 3082 hoo
308 3033 406 3082 tributo
429 3035 479 3082 rite
502 3032 709 3096 distinguendum
734 3037 773 3093 est
795 3035 877 3096 illud,
898 3038 967 3099 qnod
991 3038 1088 3090 Romo-

169 3134 235 3168 mtm
258 3136 279 3169 s.
304 3118 471 3183 stipendium
496 3117 574 3165 Petri
592 3114 756 3178 uocabatur,
782 3121 810 3166 et
834 3118 866 3168 nd
889 3136 981 3170 annum
1008 3138 1091 3187 noque

174 3203 291 3265 quintum
314 3201 397 3264 repni'
412 3200 516 3249 lionrioi
535 3200 601 3248 vtlt
626 3201 710 3265 Papae
729 3207 860 3264 erogatum
879 3215 928 3255 eat.
966 3209 1094 3272 originem

103 3306 106 3313 ¹
170 3285 240 3336 istud
265 3285 419 3359 stipendium
434 3283 505 3332 duxit
522 3283 554 3331 ab
576 3284 644 3338 Ino,
658 3300 717 3347 rege
737 3285 901 3349 Wesoexiae,
921 3292 966 3353 qui
984 3308 1030 3357 per
1050 3312 1092 3345 ro-

171 3387 248 3435 gnum
279 3385 352 3418 suum
389 3367 526 3432 colligebat
558 3368 668 3432 stipem,
696 3368 747 3430 qud
776 3373 931 3421 sustentaret
959 3375 1090 3438 scholam,

171 3457 264 3506 Rornae
295 3455 326 3504 ab
356 3456 411 3520 ipso
442 3452 571 3501 eonditum
592 3451 630 3500 nd
656 3452 763 3500 elericos
789 3454 883 3517 Anglos
909 3456 1091 3514 instituendos.

173 3540 260 3587 Initio<
275 3539 400 3588 tributum
426 3538 476 3585 tuit
498 3535 685 3596 voluntarium,
712 3536 804 3587 deinde
830 3555 889 3591 reso
910 3539 1047 3595 Pontifices
1067 3549 1092 3597 id

174 3621 350 3687 postularunt¹
363 3629 484 3684 tanquam
502 3620 626 3672 debitum.
662 3621 803 3686 Egbertus,
829 3640 881 3688 quo
900 3618 1005 3679 auctore
1025 3632 1093 3697 Hep-

178 3703 274 3752 tardhia
300 3705 518 3768 ,duplo-Saronico
542 3706 568 3752 in
592 3705 762 3755 Monarchiam
784 3707 864 3768 abiit,
891 3709 940 3760 troo
970 3714 1093 3766 tributum

174 3804 220 3853 per
235 3791 314 3836 soum
329 3789 412 3851 exegit
427 3789 552 3852 angliam.
577 3788 634 3840 vra.
651 3791 678 3839 c.
688 3791 715 3841 r.
729 3792 859 3856 sttudlin,
876 3793 945 3860 tuq.
959 3774 1091 3849 nerones-

181 3871 274 3921 (ἔπαλ.
303 3884 355 3919 nort
383 3871 514 3921 Groadrs't.
546 3872 606 3923 vol.
630 3873 653 3922 l.
681 3889 707 3936 p.
729 3874 765 3924 80
787 3878 814 3924 et
834 3873 900 3936 259,
918 3883 974 3926 not.
995 3878 1038 3928 tt.
1058 3907 1089 3918 —

178 3955 251 4006 Adeo
268 3956 360 4006 iratum
377 3956 453 4006 suisne
468 3957 611 4007 Eduardnm
631 3957 806 4022 lunarum,
831 3965 860 4011 ut
876 3967 938 4011 tune
955 3962 1092 4016 hooPetri

173 4038 327 4113 stipendium
344 4038 440 4108 mirere
459 4043 535 4110 stiam
554 4041 675 4096 noluerit.
