2586 4718
563 288 624 350 140

106 498 264 564 literarum
297 492 570 585 philosophiaeque
600 496 745 584 antiquae
773 496 899 579 studio,
929 499 1090 572 obtinue-

105 631 189 687 runt.
221 616 361 730 'Summa
386 621 489 680 autem
512 612 621 681 harum
643 615 774 682 thesium
795 632 933 708 spectare
951 621 1088 692 ridetur

105 738 144 804 ad
163 733 404 827 impugnandam
422 734 662 802 Hierarchiam
681 736 877 812 Romanam.

149 978 188 1045 ln
214 975 294 1044 thesi
317 976 358 1062 I,
381 975 438 1058 Il,
462 989 494 1043 et
516 976 616 1056 111¹,
645 986 753 1043 certus
775 962 935 1045 terminata
954 982 1087 1049 coniti-
1174 976 1177 981 ’

104 1101 201 1167 tuitur
218 1100 416 1164 auctoritati
432 1100 563 1188 papati.
592 1097 737 1179 Scilicet,
757 1099 811 1188 qui
830 1098 920 1164 initio
938 1120 970 1166 se
989 1099 1085 1168 dixe-

104 1233 173 1285 rant
200 1239 383 1284 successores
409 1217 515 1297 Petri,
539 1217 572 1283 hi
592 1218 739 1306 temporis
758 1216 889 1285 decursu
906 1241 942 1284 eo
960 1241 1084 1309 perre-

102 1351 211 1405 nerant
240 1323 403 1428 superhiae
414 1387 424 1420 ,
453 1350 487 1404 ut
511 1361 571 1404 non
595 1337 751 1419 hominis,
770 1337 823 1403 sed
844 1338 902 1403 Ilei
923 1337 1024 1406 ricem
1046 1364 1085 1408 se

103 1481 209 1550 gerere
235 1458 444 1537 affirmarent,
472 1470 504 1523 ut
534 1457 666 1523 universi
693 1471 844 1524 terrarum
870 1457 952 1524 orbis
970 1481 1005 1526 se
1027 1459 1083 1526 di·

102 1591 208 1646 eerent
242 1577 357 1645 Christi
391 1579 459 1644 loco
494 1575 656 1656 dominos,
689 1599 747 1651 nec
782 1589 902 1643 tantum
933 1581 1080 1647 omnium

103 1699 315 1780 sacerdotum,
340 1719 445 1762 rerum
465 1711 494 1764 et
514 1719 620 1787 regum
641 1709 673 1763 et
691 1698 868 1789 principum
888 1691 1079 1788 dignitatem

100 1821 376 1915 auctoritatemque
401 1841 437 1883 cx
465 1841 524 1884 uno
550 1817 686 1909 pendere
707 1817 897 1885 declararent
913 1820 1079 1890 Pontificio

100 1940 231 2010 Romani
252 1938 419 2009 arbitri02.
460 1939 549 2004 liano
567 1939 771 2028 arrogantiam
793 1939 950 2007 Wioliffus
964 1940 1080 2008 leviter

100 2076 220 2129 tantum
238 2062 271 2126 in
287 2062 526 2152 praesentiarum
542 2060 756 2150 oppugnabat:
768 2060 852 2126 illam
870 2058 1058 2149 dignitatem
1067 2113 1079 2148 ,

102 2181 241 2272 illudque
272 2180 442 2247 dominium
471 2193 502 2246 et
532 2179 695 2267 imperium
708 2229 718 2261 ,
746 2203 847 2271 neque
866 2181 907 2247 ab
926 2181 988 2248 ullo
1007 2179 1079 2251 ho·

98 2303 213 2382 mine,
232 2325 333 2392 neque
359 2300 474 2368 chartis
502 2320 557 2388 per
584 2296 724 2366 homines
748 2302 945 2391 compositis,
968 2323 1080 2396 neque

100 2425 140 2490 ab
167 2427 233 2514 ipso
262 2411 366 2489 dirin'o
394 2422 551 2500 Numine,
580 2419 802 2509 successoribus
823 2422 916 2489 'Petri
939 2421 1021 2488 tradi
1042 2425 1080 2492 in

99 2554 284 2638 perpetuum
321 2543 476 2633 potuisse,
514 2539 731 2617 contendebat.
800 2539 924 2607 Cessare
963 2542 1053 2635 enim
1064 2593 1078 2628 ,

100 2665 256 2749 dicebat,
275 2683 397 2731 omnem
427 2659 691 2741 dominationem,
712 2683 808 2749 quum
828 2661 924 2728 Filius
941 2683 1079 2753 regnum

100 2789 185 2856 Patri
205 2782 399 2860 tradidisset,
417 2779 447 2869 (1
468 2778 541 2850 Cor.
559 2780 629 2848 XV.
646 2781 715 2866 24.)
750 2780 895 2865 Quamvis
910 2780 970 2847 hoe
983 2783 1077 2869 loeo,

100 2907 204 2999 prouti
237 2901 453 2968 animadvertit
485 2900 692 2991 Vaughanus,
729 2900 768 2965 de
799 2901 1079 2972 determinatione

100 3023 289 3095 auctoritatis
316 3022 434 3113 papalis
461 3020 650 3088 solummodo
674 3020 811 3111 loquitur
841 3020 1020 3104 Wicliffus,
1056 3046 1079 3090 e

107 3215 426 3234 9-—20—-0-0--0

128 3338 139 3375 ¹
163 3337 226 3388 Utar
249 3334 357 3384 thesium
376 3335 457 3397 serie,
477 3351 552 3400 quarn
568 3335 647 3385 hahet
664 3327 771 3400 uterque
789 3333 895 3387 Wioliffi
911 3333 1030 3400 tihellus,
1050 3337 1081 3389 iu

125 3417 132 3433 '
162 3421 203 3469 hie
218 3416 261 3467 illa
277 3418 371 3479 thesis,
390 3435 455 3482 quae
469 3420 495 3467 in
509 3420 580 3468 hulla
592 3420 676 3484 papali
691 3425 731 3472 eet
746 3424 875 3487 septime,
888 3437 939 3469 non
949 3421 1079 3474 occurrit.

129 3506 141 3542 ²
165 3503 330 3566 innocentius
359 3503 399 3552 111
429 3504 555 3565 Jolranui,
583 3503 688 3566 Angliae
715 3506 788 3568 regi,
809 3504 963 3554 scrihebat:
993 3503 1081 3555 »ttae

163 3604 255 3655 reptem
272 3595 298 3638 et
313 3589 447 3638 Dominus
459 3588 675 3648 dominantium,
693 3587 770 3636 Jeeus
786 3588 926 3647 Christus,
939 3586 1082 3638 docum·

163 3677 194 3724 θη
217 3679 355 3723 oeternum
377 3673 521 3721 secundum
542 3672 662 3720 ordinem
679 3669 887 3732 Melchisedech,
902 3673 943 3721 ito
962 3684 1081 3734 reparatore

163 3766 189 3808 et
215 3758 393 3807 sacerdotium
418 3757 449 3804 tn
474 3753 590 3804 Ecoteea‘d
616 3753 763 3814 stabilivit,
791 3760 823 3803 ret
847 3753 1011 3805 meerdotole
1039 3757 1080 3806 οὔ

160 3857 289 3909 repetem,
317 3845 344 3888 et
372 3838 549 3887 sacerdotium
576 3836 739 3900 eiteepule,
758 3864 790 3874 -
810 3853 894 3887 unum
913 3839 1081 3905 praeficiens

162 3928 312 3986 universis,
332 3940 409 3989 quom
425 3938 502 3975 auum
520 3926 551 3975 itt
569 3924 651 3976 terrie
664 3925 798 3974 olearium
813 3925 985 3977 ordinavit.”
1007 3928 1088 3993 Opp..

165 4011 218 4062 tib.
240 4009 305 4060 m.
322 4009 366 4073 Ep.
387 4006 445 4059 tet.
