2586 4718
649 301 712 362 162

195 518 252 582 bus
276 513 482 603 iungebantur
493 558 504 591 ‚
527 508 678 578 reddebat
697 509 832 580 inutilia.
879 511 970 613 Hauc
989 513 1030 579 ob
1049 535 1179 583 oausam

47 636 50 642 ’
119 695 122 700 .
194 659 320 728 quoquc
349 633 553 724 Kuyghtouus
583 630 759 700 scrihebat:
795 630 901 699 »Hic
922 637 1087 725 magester
1105 637 1177 703 Jo-

185 760 317 824 leonues
340 755 396 821 W
394 757 486 844 yclif
496 755 746 845 Euangelium,
768 755 858 842 qnod
880 754 1036 824 Christus
1056 767 1176 824 coutu-

128 877 130 880 ’
177 882 235 945 vlit
253 879 389 944 clericis
406 884 437 941 et
455 875 632 943 Ecclesiae
650 874 858 955 doctoribus,
877 883 913 943 ut
933 879 1006 968 ipsi
1021 879 1122 943 laicis
1140 887 1177 945 et

192 998 430 1088 infirmioribus
450 999 632 1086 personis,
665 995 839 1063 secundum
857 1001 1017 1088 temporie
1037 1001 1176 1089 exigen-

195 1124 278 1185 tiam
297 1127 328 1184 et
341 1139 565 1209 personarum
578 1116 820 1208 indigentiam,
839 1140 910 1185 cum
925 1121 1045 1184 mentia
1061 1140 1174 1185 eorum

195 1246 304 1307 esurie
329 1240 472 1304 dulciter
500 1241 760 1317 ministrarent,
791 1241 967 1307 transtulit
990 1239 1032 1303 de
1048 1239 1177 1309 Latine

193 1365 231 1427 in
247 1361 430 1453 Anglicam
453 1362 624 1451 linguam,
647 1382 712 1424 nore
735 1361 949 1451 angelicam,·
972 1362 1073 1429 unde
1093 1384 1175 1452 per

194 1487 323 1574 ipsum
336 1483 403 1569 fit
424 1482 615 1571 uulgare,
642 1489 677 1545 et
699 1484 831 1572 magis
849 1489 1030 1573 apertum
1049 1483 1186 1550 laicis·

194 1610 229 1668 et
252 1601 493 1666 mulieribus
517 1579 651 1691 legere
675 1603 912 1680 scientibus,
937 1625 1049 1691 quam
1072 1605 1176 1670 solet

193 1747 279 1792 esse
302 1725 472 1791 clericis
495 1721 697 1787 admodum
710 1724 974 1799 'literatis-et
999 1724 1090 1788 bene
1119 1725 1176 1788 in·
1232 1797 1234 1800 y

192 1845 483 1936 telligentilus,
506 1851 537 1909 et
556 1845 605 1907 sio
624 1842 839 1934 Euangeliou
858 1846 1053 1934 margarita
1072 1865 1174 1934 spur·

189 1970 287 2058 gitur
313 1974 345 2051 et
372 1990 395 2033 a
416 1967 535 2056 porcis
562 1965 794 2045 conculcatur,
829 1973 860 2029 et
888 1968 960 2044 sic,
985 1964 1073 2056 quod
1090 1967 1175 2031 solet

190 2109 261 2152 esse
289 2108 403 2151 carum
431 2086 566 2150 clericis
593 2092 625 2149 et
654 2060 779 2166 laicis,
804 2086 882 2173 jam
903 2086 1057 2151 redditur
1074 2109 1175 2176 quusi

181 2207 349 2295 jocositas
365 2209 543 2270 communis
560 2209 753 2294 utriusque,
776 2207 808 2271 el
821 2230 954 2297 gemma
973 2211 1171 2274 clericorum

188 2329 332 2420 uertitur
361 2329 398 2389 in
427 2326 538 2391 ludum
558 2314 743 2405 laicorum,
767 2334 804 2389 ut
822 2328 923 2391 laicis
942 2332 990 2394 sit
1009 2351 1173 2396 commune

73 2453 78 2464 '
129 2524 132 2531 ⁴
187 2457 355 2514 aeternum
366 2494 377 2527 ,
410 2447 500 2536 quod
524 2454 602 2510 ante
619 2446 743 2534 suerat
773 2448 908 2512 clericis
936 2457 968 2512 et
997 2449 1175 2516 Ecclesiae

190 2569 375 2638 doctoribus
394 2570 557 2635 talentum
570 2540 760 2654 supernum.w
805 2571 927 2658 Sisque
945 2592 1084 2659 sparsus
1101 2569 1174 2639 Ec-

191 2692 311 2756 clesiae
330 2691 563 2779 conqueritur,
579 2695 609 2751 et
625 2710 695 2751 cum
702 2689 992 2781 proplietapotest
1008 2693 1174 2756 clamare:

190 2809 322 2877 Sedebit
349 2810 452 2875 honor
475 2807 652 2874 Ecclesiae
671 2810 867 2891 solitarius,
883 2793 914 2879 et
935 2813 1069 2896 tacebit,
1089 2786 1172 2905 quia

192 2935 314 2999 leuauit
334 2955 370 2997 se
388 2951 488 3020 super
510 2929 593 2994 ae!'’
607 2938 633 2998 ¹.

237 3173 341 3254 iufra,
375 3170 430 3235 ubi
459 3152 498 3236 iic
527 3169 714 3259 quibusdam
743 3173 878 3241 Wicliffi
911 3175 1036 3266 scriptis
1066 3147 1170 3266 oecu-
1201 3268 1204 3281 1

192 3293 312 3362 liariter
337 3313 428 3382 agere
451 3290 541 3357 nobis
565 3295 799 3385 proposuimus,
831 3297 920 3386 plura
950 3295 989 3362 de
1015 3296 1075 3362 hac
1101 3319 1174 3361 uer·

192 3400 306 3495 sione,⁴
321 3434 416 3503 opere
441 3415 723 3503 praestantissimo,
758 3415 913 3487 dicemus:
951 3441 1035 3486 nuuc
1067 3431 1173 3485 autem

139 3565 141 3568 ⁴
192 3535 353 3601 uideamus
366 3583 376 3615 ,
406 3534 591 3624 quibusnam
617 3537 669 3602 ille
692 3537 882 3626 argumentis
902 3536 1045 3604 adversus
1064 3536 1175 3603 Ponti·
1272 3599 1273 3602 ,

190 3658 277 3724 ficios
306 3655 504 3744 probaverit,
535 3657 657 3726 licitum
686 3680 771 3741 csse,
796 3659 859 3725 imo
881 3681 952 3726 vero
972 3658 1174 3728 utilissimum

193 3799 260 3843 esse
287 3800 384 3868 opus,
415 3776 565 3845 (iudicem
597 3801 716 3847 saeuum
736 3778 768 3843 iu
789 3780 988 3847 vernaculam
1006 3779 1176 3848 transferre

209 3951 541 3973 ..Μ
594 3964 599 3979 4

218 4054 227 4087 ¹
246 4070 271 4121 p.
290 4052 369 4106 2644.
401 4075 403 4080 ·
426 4009 428 4015 Ι

99 4186 190 4392 .
304 4301 308 4311 β

313 4345 316 4352 ι

210 4408 216 4420 Ι

268 4472 271 4480 r
