2586 4718
620 333 662 392 33

151 545 245 612 tando
262 553 453 633 vargumento
471 555 631 609 strenuum
655 491 687 607 sb
708 539 860 631 praestitit
880 538 1039 608 doetrinae
1058 542 1128 609 hu·

151 666 266 758 gustini
290 663 497 734 defensorem.
528 661 626 728 Valde
644 661 739 750 igitur
749 659 841 751 hujus
852 660 982 752 Collegii
990 643 1127 730 samael·

152 789 228 854 lenit
248 785 446 866 Wicliffum,
465 782 634 874 laudesque
662 795 820 849 tantorum
840 785 987 870 ⁴riroruns
1014 785 1125 851 stimu-

84 932 85 935 ’
111 978 114 987 f
150 910 195 976 los
215 910 244 975 ei
265 906 468 974 admoverunt
488 904 529 970 ad
547 902 792 971 incumbendum
810 915 875 971 toto
893 896 1019 993 pectore
1037 904 1130 972 ineas

152 1028 351 1119 disciplinas,
374 1047 454 1116 quae
472 1025 598 1092 summis
617 1024 787 1092 honoribus
806 1036 837 1092 et
857 1024 953 1114 gloriis
973 1003 1026 1091 illo
1046 1039 1130 1092 tenr-

151 1170 228 1238 pore
245 1148 420 1216 alebantur.

194 1267 340 1348 Idcirco,
369 1290 468 1358 quum
496 1267 606 1334 literae
624 1267 770 1356 antiquae
789 1265 886 1332 hocce
906 1287 980 1332 aevo
1000 1266 1033 1330 in
1051 1266 1131 1334 Uni·

155 1378 297 1454 versitate
331 1409 455 1478 quoque
488 1386 655 1454 Oroniensi
687 1385 819 1453 deloco
844 1398 943 1452 essent
971 1385 1131 1468 detrusae,

148 1509 286 1575 maxime
321 1530 378 1598 per
412 1486 643 1600 philosophiam
671 1508 907 1588 scholasticam,
934 1507 1002 1575 illas
1029 1530 1146 1598 neque*
1239 1492 1246 1503 ’

152 1629 310 1697 Wicliffus
342 1631 507 1699 excoluisse
545 1617 689 1711 ridetur'3
723 1652 803 1720 quae
833 1631 1029 1718 conjecturo,
1059 1651 1132 1697 cum

64 1740 66 1750 ⁴
153 1749 276 1840 scriptis
300 1751 417 1841 ipsius,
447 1763 514 1834 tum
544 1749 666 1816 silentio
690 1751 963 1831 testimoniorum,
993 1764 1078 1850 guae
1093 1749 1133 1816 de

152 1870 293 1938 doctrinis
321 1871 533 1962 ejusprolata
561 1882 653 1951 sunt,
681 1871 818 1938 satisfit
849 1870 1046 1961 probabilis·
1091 1872 1134 1955 ht
1220 1926 1222 1932 s

151 2013 224 2057 vero
243 1988 321 2057 illud
341 1990 419 2058 sitio
438 1993 468 2057 ei
487 1988 672 2055 vertendum
693 2011 755 2055 non
775 2003 839 2067 est,
857 1989 911 2054 sed
926 1990 1059 2079 tempori
1075 2012 1133 2080 po·
1179 2074 1182 2087 1

150 2112 234 2191 tius,
267 2133 330 2200 quo
359 2110 457 2187 sirit,
490 2105 712 2175 tribuendum
749 2109 867 2175 »Haec
895 2121 1000 2192 aetas,
1028 2111 1147 2202 inquit¹

149 2231 329 2307 Heerenus,
353 2228 473 2294 nullum
500 2226 579 2294 vidis
606 2228 638 2293 in
656 2227 819 2295 Britannici
840 2231 960 2314 sirum,
977 2233 1031 2323 qui
1047 2233 1130 2301 bene
1195 2217 1197 2221 Ι

148 2349 187 2416 de
214 2362 353 2417 veterum
380 2348 478 2416 literis
497 2349 626 2415 meritus
645 2357 713 2416 est''
727 2358 754 2421 ¹.
791 2352 861 2420 Non
882 2353 966 2418 enim
984 2354 1131 2443 legeban-

151 2485 202 2539 tur
222 2496 239 2536 a
260 2470 352 2550 viris,
371 2469 426 2558 qui
440 2468 557 2535 literati
572 2467 761 2550 audiebant,
778 2482 895 2537 veteres
910 2481 1041 2563 potitae,
1058 2473 1131 2566 phi.-

149 2591 289 2681 losophi,
314 2601 461 2658 oratores.
495 2588 611 2660 Mirum
636 2595 801 2678 propterea
824 2613 886 2656 non
911 2606 975 2674 est,
990 2593 1130 2686 linguam

149 2712 292 2779 Latinam
309 2723 384 2783 tune
404 2709 497 2775 fuisse
517 2707 696 2774 destitutam
712 2710 849 2800 puritate
865 2713 936 2794 sual,
955 2715 1075 2796 nitore,
1095 2729 1128 2783 et

48 2896 50 2901 Α
149 2833 319 2925 elegantid‚
334 2829 502 2920 multisque
518 2816 679 2896 oneratam
693 2831 851 2898 vocabulis
866 2832 970 2914 noris,
987 2835 1130 2904 ultimam

148 2955 355 3022 referentibus
374 2951 566 3022 barbariem.
616 2951 780 3042 Quicquid
790 2966 892 3019 autem
910 2975 945 3019 ea
963 2954 1067 3023 adhuc
1081 2958 1131 3024 in-

148 3067 226 3161 dolis
255 3097 326 3142 snae
357 3084 551 3150 servaverat,
584 3070 645 3136 hoc
672 3071 819 3138 monachi
838 3071 1051 3167 Mendicantes
1069 3077 1129 3143 im·

95 3217 98 3229 ’
147 3198 278 3289 primis,
311 3194 488 3282 theologiae
513 3191 598 3258 mille
623 3191 714 3263 nodis
733 3192 904 3283 implicitae
922 3216 1049 3285 operam
1068 3200 1129 3268 im-

146 3317 337 3409 pendentes,
355 3314 502 3380 delebant
515 3314 549 3382 in
568 3311 699 3402 garrulis
717 3312 799 3392 suis,
820 3312 991 3400 intricans,
1011 3331 1043 3385 et
1061 3320 1127 3411 spi.

148 3439 227 3506 nosis
247 3435 548 3529 disputationibus2.
586 3433 727 3522 Linguae
748 3433 843 3524 igitur
862 3436 992 3549 Latinae
1009 3442 1128 3530 peritus

183 3632 194 3669 1
216 3632 307 3682 caet.
327 3632 373 3682 dss
390 3630 469 3681 Stssd.
487 3633 539 3680 eto.
559 3628 635 3680 niet.
657 3645 683 3693 p.
702 3629 763 3679 301.
832 3620 835 3631 '
1145 3666 1146 3669 ,

182 3718 194 3753 ¹
213 3716 253 3769 cr.
271 3717 387 3777 neema,
409 3700 473 3766 sata.
491 3731 518 3779 p.
535 3712 597 3764 nes.
634 3713 727 3765 traua.
747 3715 810 3765 nr.
830 3730 855 3780 p.
876 3713 942 3777 17³,
961 3720 1007 3781 qur
1025 3723 1133 3785 retunt,

132 3840 134 3844 .
209 3799 436 3866 Archiepiseopum
459 3800 534 3848 Cant.
560 3798 669 3848 subinde
695 3799 810 3850 visitasse
825 3802 1022 3854 Universitetem
1042 3807 1134 3869 oxon„

210 3887 241 3933 nt
258 3899 315 3933 eam
331 3888 451 3948 purgaret
468 3883 500 3934 sb
514 3883 662 3948 ingentibus
677 3884 837 3935 barbarismis
851 3887 878 3934 in
896 3889 1008 3954 linguam
1023 3890 1137 3948 butinam

212 3968 333 4036 irruptis,
356 3975 475 4032 tunquam
493 3969 526 4020 sb
553 3970 690 4021 haereticis
713 3972 781 4021 eirea
807 3971 953 4024 'doctrinam
970 3976 1138 4029 Christianam
1231 4019 1233 4025 .

216 4052 388 4120 opinionibus.
410 4070 436 4119 p.
459 4052 604 4116 ltc,127.

942 4167 953 4203 s
