2586 4718
476 208 539 270 130

19 424 222 500 facultatum,
256 417 310 487 sed
327 419 504 509 glonosiora
523 419 637 509 pietate
655 417 730 485 fidei
750 419 898 489 rutilante
909 447 1005 503 ,sa-

20 567 92 613 crae
116 544 247 636 paginae
270 542 409 608 claritate
427 553 572 607 consueto
591 542 672 608 uiros
690 539 883 632 producere,
909 542 1007 613 divi-

20 685 131 733 narum
161 662 381 753 scripturarum
407 661 490 727 recti
518 660 644 727 scientid
667 661 852 743 illustratos,
873 684 1008 731 morum

19 786 168 876 grauitate
186 795 342 863 maturos,
366 780 528 847 devotione
546 768 747 871 conspicuos,
771 796 803 849 et
823 783 1006 853 catholicae

22 904 98 972 fidoi
124 903 321 984 defensores,
353 901 560 992 dogmatizare
587 914 619 968 et
648 902 774 992 publice
792 902 1002 993 praedicare,

22 1048 75 1092 seu
102 1024 205 1115 potius
234 1022 273 1089 de
299 1021 451 1089 virulento
480 1022 605 1091 claustri
630 1021 676 1089 sui
704 1035 830 1113 pectore
853 1045 1006 1093 evomere

21 1168 84 1212 nou
103 1157 226 1212 seretur
234 1188 245 1225 ,
260 1141 422 1209 nonnullos
436 1139 550 1209 Christi
564 1140 670 1209 fideles
685 1165 791 1209 earum
805 1147 1004 1234 respersione

21 1266 264 1344 commaculans,
288 1276 320 1330 et
336 1287 356 1329 a
375 1261 449 1328 fidei
467 1263 623 1352 praefatae
638 1265 721 1330 rectia
736 1264 842 1331 semita
858 1264 1003 1355 inprae-

20 1387 163 1476 cipitium
185 1383 368 1475 perditionis
386 1382 549 1450 abducens.
572 1421 641 1434 --
663 1385 865 1454 Universitati
879 1399 1003 1455 vestram

20 1528 77 1597 per
106 1487 284 1595 Apostolica
310 1505 423 1594 scripta
448 1505 482 1568 iu
501 1504 614 1571 uirtute
633 1518 756 1577 auctas
775 1504 1000 1591 obedientias,

20 1639 53 1694 at
73 1627 130 1693 sub
147 1627 247 1716 poeuis
265 1624 447 1716 privationis
464 1624 602 1691 omnium
619 1627 788 1716 gratiarum
800 1673 812 1708 ,
825 1625 1000 1716 indulgeu-

20 1747 157 1829 tiarum,
189 1760 222 1812 et
248 1745 503 1835 privilegiorum,
531 1747 618 1813 robis
645 1769 681 1812 ac
710 1745 821 1814 Studio
849 1760 953 1814 restro
977 1773 998 1817 a

18 1868 111 1937 dicti.
129 1867 204 1934 sede
219 1889 466 1948 concessorum,
499 1867 638 1935 districte
659 1867 880 1959 praecipiendo
900 1892 998 1938 mau-

17 1989 127 2057 damus
138 2039 149 2072 ,
170 2000 320 2079 quatenus
340 1989 550 2055 conclusiones
568 2002 598 2056 et
618 1989 865 2079 propositiones,
888 1991 921 2056 iu
937 1991 1001 2058 bo·

17 2110 67 2176 uis
95 2108 240 2199 operibus
265 2120 298 2173 et
321 2107 384 2174 lida
407 2107 488 2173 male
507 2108 690 2190 sentientes,
713 2108 789 2175 licet
807 2131 857 2176 eas
874 2133 1001 2201 propo-

18 2242 126 2295 nentes
151 2227 209 2295 sab
238 2227 377 2317 quadam,
398 2229 563 2295 vorborum
582 2229 644 2293 sirc
663 2230 868 2300 terminorum
890 2235 1000 2300 curio·

17 2351 52 2417 sd
79 2348 314 2439 implicatione,
338 2351 477 2417 nitantur
504 2347 689 2431 defendere,
716 2348 756 2416 de
783 2365 904 2419 caetero
930 2374 997 2421 uou

17 2469 207 2561 permittatis
236 2470 327 2536 asseri
347 2469 402 2535 uel
430 2470 581 2560 proponi:
610 2468 792 2560 dictumque
816 2470 1000 2541 Johanucm

17 2588 207 2656 authoritate
224 2591 327 2656 nostri
344 2589 495 2677 capiatis,
519 2611 572 2654 seu
589 2590 659 2678 capi
679 2590 798 2658 faciatis
809 2640 820 2673 ,
844 2605 874 2658 et
893 2593 1000 2682 ipsum

20 2708 249 2776 venerabilibus
278 2709 426 2776 iratribus
453 2708 565 2775 uostris
590 2707 835 2802 Archiepiscopc
854 2710 1000 2781 (lanrua-

19 2831 114 2897 rieusi
141 2844 172 2898 et
199 2831 355 2920 Episcopo
373 2826 606 2908 Londouieusi,
630 2843 685 2899 aut
703 2854 809 2899 corum
829 2832 917 2901 alteri
935 2835 997 2903 sub

21 2950 85 3018 fidai
103 2949 242 3018 custodiis
259 2948 494 3016 transmittatis”
515 2962 576 3020 eto.

66 3069 385 3138 Animadvertendum
407 3084 452 3138 est
463 3121 474 3154 ,
498 3072 546 3138 nti
565 3095 601 3138 ex
623 3071 672 3136 his
691 3071 788 3138 literis
805 3083 910 3161 patet,
933 3072 1013 3140 Ps-

18 3215 93 3283 pam
120 3190 309 3281 suspicatum
322 3261 325 3266 ,
337 3214 424 3272 esse,
439 3240 441 3245 .
457 3193 560 3283 plures
584 3191 716 3257 iureuiri
735 3193 768 3257 iu
787 3192 997 3261 Uuirersitate

19 3311 209 3392 Oxouieusi,
240 3314 296 3402 qui
324 3313 432 3380 eadem
453 3313 592 3378 foverent
610 3312 745 3401 placita,
763 3334 896 3403 quorum
915 3313 997 3396 Wi-

19 3425 118 3498 cliffus
146 3445 305 3520 accusatus
332 3444 411 3499 erat.
469 3428 650 3521 Complures
676 3445 781 3499 autem
808 3434 901 3502 luisse
931 3433 999 3501 illic

19 3551 187 3643 discipulos
216 3554 282 3642 ejus
309 3563 341 3617 ct
359 3549 455 3616 socios
466 3598 478 3631 ,
491 3535 583 3617 ‘iufra
603 3550 796 3621 videbimus:
823 3576 859 3619 ex
875 3552 998 3620 nobili-

22 3671 79 3738 bus
105 3695 178 3741 rero
207 3682 238 3735 et
268 3668 355 3757 regui
388 3669 601 3752 senatoribus,
634 3683 700 3736 tum
729 3671 822 3738 etiam
848 3695 883 3739 er
902 3670 1000 3740 domu

21 3793 126 3881 regii,
160 3789 273 3855 multos
299 3785 359 3854 hoc
388 3803 528 3880 tempore
547 3789 577 3855 ci
596 3789 726 3872 favisse,
751 3794 812 3881 jam
832 3793 997 3875 norimus3

22 3911 106 4000 quod
125 3910 228 3999 Papae
249 3930 374 3999 quoque
392 3910 560 3980 innotuisse
575 3909 713 4009 videtur.¹
731 3913 811 3983 Nam
827 3915 861 3982 iu
879 3913 999 3996 literis,
