2586 4718
633 277 698 357 ato

184 498 298 587 nbs'que
316 494 423 560 orbem
441 492 541 583 regni
555 497 582 562 ¹.
600 527 669 542 -
693 487 792 557 Sata
812 491 877 566 illa
893 490 1164 584 (Wieliffitarum)

181 623 221 684 ais
239 619 384 683 mamm
401 613 523 680 honore
540 614 612 679 illio
629 612 741 678 diadum
758 612 939 678 habebatur
948 661 959 694 ‚
978 622 1011 678 et
1028 617 1064 679 in
1082 624 1167 682 tan-

103 735 105 738 ’
184 748 252 805 tum
278 735 504 825 multuplioota
522 734 623 823 fuit,
654 733 744 823 quod
767 736 826 798 uae
857 734 940 800 duos
967 733 1098 802 vuilerae
1130 739 1169 804 in

184 861 244 924 oio
254 906 264 938 ,
287 857 367 946 quin
384 857 473 922 aller
491 877 602 920 eorum
621 853 807 945 deeozjuuluo
834 852 893 921 W
888 854 995 945 yoliffi
1002 857 1123 944 fiten't
1139 866 1166 925 ².

187 979 370 1068 Quanquam
399 974 476 1043 haee
502 988 658 1066 postrema
678 975 775 1041 rerba
793 973 879 1041 haud
899 975 995 1042 dubie
1013 989 1170 1070 tanquam

186 1099 358 1190 hyperbole
389 1109 460 1164 suut
496 1096 697 1186 accipienda,
731 1109 841 1184 tamen¹
865 1098 1043 1165 verisimilia
1072 1113 1171 1184 sunt,

185 1222 211 1305 si
240 1221 280 1287 de
309 1220 459 1288 Lioestrid
490 1231 611 1285 tantum
634 1217 872 1308 intelliguntur,
897 1219 1009 1310 inqui
1029 1219 1173 1290 dioecesi

185 1344 243 1410 sita
267 1354 333 1410 erat
360 1338 508 1432 parochia
527 1339 792 1421 Luterovortuna‚
817 1351 850 1405 et
869 1340 926 1405 ubi
944 1340 1009 1430 ipso
1028 1340 1172 1432 Knygh-

185 1477 275 1530 touus
302 1457 470 1551 aliquando
488 1457 743 1530 eanonicus-suit.
789 1460 883 1528 Multi
901 1460 1000 1551 etiam
1015 1463 1096 1528 olam
1115 1464 1174 1532 fo-

186 1584 300 1651 rebant
318 1581 453 1649 Wiotiffi
471 1580 603 1672 plauitu3
625 1580 683 1646 alii
707 1602 779 1648 vero
795 1583 1058 1672 reperiebantur,
1090 1585 1175 1675 qni,

48 1729 60 1748 .
184 1704 256 1773 lieet
275 1726 337 1773 non
359 1704 480 1784 omnia,
504 1724 584 1792 quae
603 1699 748 1783 dicebat,
772 1700 803 1768 ei
823 1683 1061 1786 assentirentur,
1088 1706 1173 1772 soli·‘

187 1824 259 1892 dam
285 1839 399 1894 stamen
437 1821 673 1890 admirabantur
707 1822 767 1890 riri
795 1822 1004 1890 eruditionem
1032 1845 1176 1918 eumque

136 1927 145 1946 ⁶
186 1946 292 2038 magni
310 1945 467 2047 faciebant
483 1956 613 2035 propter
630 1943 726 2034 ipsius
744 1940 971 2010 humanitatem
987 1956 1086 2036 atque¹
1100 1969 1175 2015 mo·

186 2091 234 2135 res
261 2070 397 2156 integros
426 2079 457 2132 et
486 2062 642 2146 honestos.
689 2063 851 2131 Interdum
872 2064 999 2155 quidem
1018 2090 1036 2132 a
1055 2071 1148 2136 eausa
1160 2120 1173 2155 ‚

188 2209 282 2278 quam
307 2187 361 2251 illo
380 2196 504 2252 strenue
522 2182 657 2272 agebat,
675 2184 861 2252 imminente
877 2187 1017 2276 periculo
1037 2187 1172 2257 defece-

188 2319 261 2375 ruut
279 2304 446 2387 nonnulli,
463 2317 570 2370 eontra
589 2327 680 2386 vero,
704 2304 759 2394 qui
778 2305 865 2394 prius
887 2306 1039 2374 acerrime
1057 2309 1087 2375 ei
1108 2310 1174 2405 ad-

188 2428 302 2495 uersati
320 2439 408 2494 eraut
418 2472 429 2507 ,
450 2439 555 2517 postea
574 2424 703 2495 meliora
721 2424 848 2506 edooti,
872 2426 906 2492 in
926 2427 1064 2517 ejusdem
1081 2428 1174 2498 haud

187 2571 258 2617 raro
276 2549 399 2615 iverunt
417 2547 614 2626 sententiam.
839 2557 841 2560 ‘
1002 2520 1012 2528 .
1045 2523 1056 2537 ³

234 2665 356 2756 Quanta
392 2668 485 2737 fuerit
514 2669 674 2738 doctrinae
702 2671 768 2759 ejus
793 2670 839 2737 ris
865 2669 899 2743 iu
920 2670 1173 2743 ‘Universitatem

190 2790 418 2887 Oxonieusem,
446 2794 513 2882 jam
539 2788 686 2858 vidimus.
732 2789 769 2855 Iu
790 2789 870 2856 urbe
884 2780 1015 2882 ⁴quoque
1032 2792 1174 2861 Londini

188 2910 281 2980 multi
297 2911 379 2980 eires
397 2913 427 2980 ei
442 2912 606 2992 fauebunt,
617 2909 774 2999 imprimis
783 2910 832 2976 rir
841 2912 1024 3002 opulentus,
1044 2911 1176 2999 Jolran·
1199 2908 1201 2912 ’

189 3057 244 3104 nes
258 3032 298 3100 de
312 3035 343 3103 N
344 3033 565 3124 orthamptou,
580 3031 655 3098 alias
667 3029 875 3114 combertus,
886 3032 948 3101 hoe
959 3056 1040 3106 anuo
1051 3034 1171 3126 (1382)

189 3155 368 3225 Praefectus
386 3153 491 3232 urbis,
507 3173 602 3235 quem
617 3153 767 3242 Majorem
782 3155 873 3245 vulgo
889 3153 997 3223 dicunt
1009 3164 1035 3225 ³.
1057 3148 1060 3153 ’
1075 3156 1175 3225 Porro

151 3295 154 3301 ·
193 3276 368 3344 Wioliffum
389 3272 631 3363 ejusque-socios
648 3274 766 3363 gavisos
783 3275 877 3342 fuisse
895 3275 1025 3368 egregiis
1033 3276 1176 3365 patronis

196 3419 214 3462 e
236 3391 361 3463 ¹familiai
386 3394 468 3482 regii
480 3441 491 3474 ,
521 3416 556 3459 ex
577 3393 665 3484 regni
683 3394 865 3476 nobilibus,
890 3395 921 3462 iu
942 3395 1178 3480 Parliamento,
1238 3367 1242 3374 Ι

65 3569 69 3576 .
194 3518 328 3584 maxime
346 3514 379 3583 in
398 3514 501 3581 Domu
522 3514 691 3598 inferiore,
714 3513 888 3582 identidem
907 3517 996 3584 nobis
1015 3518 1176 3608 apparuit.
1202 3502 1205 3508 ¹

195 3636 309 3706 Multos
336 3633 429 3701 fuisse
457 3635 607 3728 Equites,
637 3638 740 3704 truces
757 3648 789 3703 et
809 3632 968 3723 Comites,
990 3614 1179 3708 memorarit

222 3939 233 3975 1
253 3930 286 4004 4ρ.
304 3936 383 3988 266³.
402 3963 434 3977 -
453 3936 465 3973 2
483 3952 510 4002 p.
528 3933 607 3987 2666.
870 3955 873 3960 ·

147 4083 148 4086 Ἴ
224 4023 235 4058 ³
258 4022 316 4074 vid.
336 4021 526 4086 wstriogham,
549 4019 619 4073 utut.
638 4018 716 4088 Anqi.
737 4038 764 4088 p.
783 4022 894 4088 288011.
