2586 4718
654 264 697 329 91

192 487 271 575 (erat
298 482 385 580 enim
415 477 619 546 controversia
649 476 688 543 de
717 478 796 546 Aula
817 478 1033 550 cantuariensi
1051 496 1128 554 tuuc
1148 513 1169 556 a

188 607 271 696 Papa
297 599 437 672 nondum
463 599 660 691 dijudicata),
683 597 739 669 ubi
758 603 877 690 patriae
894 615 926 669 et
943 603 1096 674 libertatis
1112 629 1169 676 res

144 779 146 785 ,
187 725 330 792 adversus
350 723 451 812 ipsum
466 721 649 787 Pontificem
665 720 841 787 Romanum
856 735 923 789 erat
939 724 1072 814 agenda.
1096 726 1169 795 01)-

186 844 369 913 serrandum
387 844 482 911 etiem
501 857 563 921 est,
586 842 763 909 Wicliffum
783 865 814 909 se
833 843 935 934 ipsum
954 848 1114 915 nominare
1128 851 1165 916 in

186 966 247 1033 hoo
265 965 390 1045 libello,
400 965 607 1056 peculiarem
621 961 728 1054 neges
741 965 916 1031 clericum:
936 968 1141 1056 quamobrem
1150 1018 1163 1052 ,

188 1087 368 1178 Capellacii
385 1088 478 1177 regii
497 1084 606 1164 titulo,
627 1082 763 1149 omorio
783 1106 906 1168 causa,
925 1099 1049 1155 ornatus
1067 1058 1182 1157 forse
1255 1073 1258 1082 ¹

182 1204 305 1275 ridetur
320 1214 347 1278 ¹.

230 1691 316 1775 Quae
335 1707 408 1753 sero
422 1697 547 1776 postea,
567 1683 608 1751 ed
626 1708 742 1752 annum
765 1690 850 1756 1372
860 1736 871 1770 ,
889 1688 1005 1782 fuerint
1025 1688 1163 1756 Wiotiffi

183 1812 264 1892 fata,
285 1829 402 1901 quaere
419 1806 592 1899 peregerit,
610 1830 756 1899 maguam
770 1822 892 1901 partem
899 1833 955 1877 nos
964 1809 1058 1894 lucu
1077 1833 1162 1878 non-

182 1931 266 1999 nulle
293 1909 398 1999 tamen
425 1928 639 1999 innotuerunt.
695 1930 787 1998 Vitae
811 1929 951 2000 conditio
974 1943 1097 1997 externa
1121 1952 1162 1999 eo

183 2055 347 2118 immutata
369 2050 452 2130 fuit,
469 2049 554 2141 quod
570 2073 650 2118 anno
671 2053 758 2120 1368
777 2075 836 2146 pro
854 2040 1026 2133 beneficio,
1045 2052 1076 2117 in
1097 2074 1161 2142 pa·

181 2172 289 2242 rochiai
306 2170 578 2262 Filliughamensi,
599 2172 721 2264 accepit
738 2173 824 2240 aliud
843 2173 1031 2239 beneficium
1047 2170 1163 2238 Eccle-

181 2295 245 2363 siae
263 2291 487 2383 Lntgershalli,
510 2292 697 2384 pertinentis
714 2314 838 2385 quoque
854 2290 893 2358 ad
913 2291 1069 2359 dioecesin
1084 2290 1163 2358 Lin-

180 2415 370 2484 colniensem
382 2422 410 2484 ².
435 2415 597 2481 Praeterea
612 2413 748 2483 Wicliffi
762 2424 920 2493 mentem,
936 2411 996 2478 hoo
1012 2411 1162 2500 temporis

180 2537 303 2629 spatio,
333 2535 497 2626 percipere
516 2531 748 2626 quodammodo
768 2554 947 2623 possumus,
966 2531 1085 2598 ratione
1103 2528 1161 2596 ha·

182 2658 247 2733 bitd
267 2654 477 2723 memorabilis
503 2653 661 2747 cujusdam
685 2652 786 2720 libelli
793 2698 805 2734 ,
832 2655 886 2742 qui
913 2652 1160 2718 eParliamento

180 2800 263 2846 anno
286 2779 368 2844 1371
390 2778 455 2866 regi
477 2775 608 2844 traditus
629 2787 693 2854 est,
713 2771 866 2863 valdeque
881 2771 1072 2861 congruebat
1088 2792 1161 2838 cum

73 2889 77 2902 ’
182 2899 278 2992 ipsius
296 2896 431 2967 Wiotiffi
449 2897 558 2966 eidem
578 2895 619 2963 de
637 2916 673 2961 re
692 2893 865 2964 sententiis.

227 3137 355 3206 Domini
373 3158 486 3226 nempe
500 3134 690 3215 saeculares,
714 3133 897 3224 praesertim
918 3130 1124 3211 Communes,
1144 3153 1163 3195 a
1273 3173 1276 3178 .

96 3299 115 3333 -,
181 3281 253 3350 rege
276 3259 447 3350 petebant,
471 3267 519 3353 ut
533 3253 640 3320 clerici
658 3276 763 3321 omnes
781 3255 814 3320 in
835 3265 995 3346 posterum
1013 3271 1162 3318 arceren-

181 3393 232 3448 tur
249 3403 268 3446 a
287 3376 432 3468 gerundis
447 3372 627 3440 muneribus
645 3386 676 3440 et
691 3373 861 3442 honoribus
875 3375 908 3440 in
918 3373 1055 3441 civitate.
1085 3370 1161 3437 Erat

212 3594 221 3628 1
247 3592 319 3641 Hanc
342 3568 494 3635 sententiam
519 3580 627 3645 professi
654 3584 715 3630 suut
743 3581 879 3640 Lewiaius,
915 3577 1069 3642 tingendus,
1098 3577 1168 3625 vtu-

245 3675 352 3739 gnanus.
381 3690 412 3702 -
440 3660 561 3711 Proiecto
586 3664 612 3712 iu
639 3665 716 3715 animi
741 3665 835 3731 ingrati
862 3664 958 3713 crimen
984 3665 1055 3714 venit
1078 3664 1165 3727 postea

232 3771 305 3814 2101,
332 3748 377 3813 qui
403 3747 430 3794 in
453 3745 635 3798 detrimentum
654 3750 789 3815 peculiaris
807 3750 846 3800 sui
863 3748 967 3810 clerici,
987 3746 1115 3816 praeclare
1135 3742 1168 3793 de

242 3834 374 3904 republica
392 3832 494 3894 meriti,
514 3835 681 3885 confirmabat
700 3835 817 3898 iniquum
840 3833 976 3886 Pontificio
986 3836 1117 3888 decretum
1136 3829 1168 3878 de

242 3919 308 3972 Auld
327 3917 511 3971 Cantuariensi.

207 4005 219 4040 ²
243 3999 412 4064 vacabamus,
432 4001 489 4055 vot.
508 4003 574 4067 l.·p.
594 4001 657 4054 272.
676 4004 733 4053 not.
753 4000 796 4054 10.
