2586 4718
693 254 733 309 [rs

228 461 359 528 maxime
377 462 455 527 alter
473 467 580 525 serus¹
597 506 608 540 ,
631 459 768 549 prolapsi
787 473 897 539 eraut,
921 482 1101 551 provocasse
1117 462 1204 531 illam

230 581 374 652 Numinis
394 581 464 646 irati
484 577 671 659 vindictam,
691 579 931 661 contenderent,
950 580 1084 672 ideoque
1103 583 1211 652 lurum

231 704 399 796 temperari
425 715 587 792 cuperent.
635 701 724 787 Quod
754 700 904 791 quidem,
935 702 1056 770 statutis
1084 702 1144 770 hac
1172 704 1214 773 de

231 847 265 891 re
293 848 311 888 a
338 844 411 912 rege
438 818 553 902 edilis,
578 823 696 887 factum
718 834 777 891 est.
835 825 980 901 Attamen
1008 836 1114 913 postea
1137 824 1217 892 adeo

230 944 352 1012 luxuria
388 943 490 1009 denuo
527 943 674 1022 invaluit,
714 956 748 1009 ut
775 942 949 1011 Richardus
972 943 1005 1010 11
1035 966 1107 1010 cum
1135 948 1211 1012 Par·

232 1065 373 1133 liamenti
403 1086 525 1131 assensu
554 1063 702 1131 innovare
724 1064 778 1130 illa
800 1077 924 1131 coactus
944 1065 1100 1136 iuerit².·
1125 1067 1212 1148 Alii,

232 1207 295 1252 non
324 1185 463 1251 contenti
491 1183 583 1274 plena
615 1184 756 1250 omnium
785 1199 984 1275 peccatorum
1009 1186 1213 1270 remissione,

232 1327 327 1397 quam
357 1306 417 1372 illis
445 1303 556 1371 diebus
582 1306 654 1371 satis
681 1305 806 1394 largiter
828 1305 910 1396 Papa
939 1307 1088 1373 concessit
1115 1308 1212 1375 mori-

144 1431 147 1440 '
234 1425 374 1508 buudis,
404 1414 519 1494 terram
546 1449 564 1491 a
592 1423 662 1490 dira
691 1425 743 1491 lue
762 1425 885 1517 expiare
903 1428 1069 1518 Deumque
1088 1429 1214 1521 placare

231 1570 320 1639 posse
349 1547 410 1613 sibi
439 1545 624 1612 ridebantur
653 1546 837 1637 flagellando
867 1571 997 1639 corpora
1023 1571 1097 1620 sua:
1130 1549 1216 1617 unde

234 1668 351 1735 exstitit
378 1666 462 1732 circa
489 1666 550 1732 boc
567 1678 689 1757 tempus
712 1667 848 1757 primum
875 1669 907 1732 in
934 1668 1120 1750 Germania,
1146 1683 1213 1740 tum

235 1788 329 1866 alibi,
358 1787 477 1852 familia
510 1787 749 1876 Flagellantium
788 1813 813 1858 s.
845 1786 1092 1872 (imminuam,
1135 1791 1214 1880 qui,

234 1920 408 1979 aversantes
426 1905 552 1973 Olenum
574 1921 604 1975 et
635 1908 859 1975 absolutionem
887 1933 904 1976 a
934 1911 1091 2000 peccatis,
1121 1933 1216 2001 quam

224 2029 373 2128 ¹Ecclesia
399 2027 607 2110 concederet,
627 2032 765 2120 corporis
785 2031 976 2098 cruciatibus
993 2023 1218 2123 poeniteutiam

234 2151 380 2242 agebant.
428 2148 619 2217 Oberrantes
635 2164 666 2217 et
685 2164 829 2250 vagantes
846 2153 1112 2243 amplectebantur
1133 2151 1219 2218 haud

235 2296 305 2340 raro
334 2272 465 2338 aliarum
493 2285 646 2340 sectarum
676 2273 856 2364 opiniones:
883 2296 945 2363 quo
964 2273 1081 2340 iactum
1094 2269 1113 2354 ,'
1127 2287 1164 2340 ut
1182 2272 1218 2341 hi

233 2394 381 2474 fanatici,
406 2416 539 2483 quorum
557 2418 629 2484 pars
648 2418 746 2486 usque
765 2393 805 2461 ad
826 2395 1077 2462 reformationem
1096 2394 1217 2461 saeculo

39 2505 41 2512 ⁴
145 2531 149 2542 ·
235 2514 310 2582 XVI
348 2514 533 2604 superfuisse
567 2513 706 2597 dicitur,
735 2517 893 2584 Ecclesiae
920 2516 1086 2609 perniciosi
1114 2513 1217 2580 habe-

235 2649 343 2704 rentur
361 2645 387 2705 ³.
421 2635 541 2702 Horum
560 2639 700 2704 nonnulli
720 2660 800 2703 anno
821 2641 908 2704 1350
928 2651 1076 2704 venerunt
1095 2639 1128 2703 in
1148 2635 1219 2703 An-

234 2761 351 2850 glinm,
378 2759 600 2848 »poenitentes
619 2759 678 2824 viri
693 2759 813 2824 nobiles
831 2771 862 2824 et
880 2758 1090 2845 alienigenae,
1115 2755 1219 2844 inquil

233 2876 509 2968 Walsiogbamus,
543 2879 598 2970 qui
632 2903 686 2945 sna
711 2877 796 2947 nude
814 2900 944 2968 corpora
965 2898 1061 2966 usque
1079 2874 1118 2940 ad
1136 2875 1219 2939 effu-

235 3001 351 3068 sionem
371 3000 525 3089 senguinis
539 3048 550 3081 ,
564 3023 647 3069 nunc
665 2998 790 3080 flendo,
806 2996 1055 3076 nunooenendo,
1070 2994 1221 3061 acerrime

235 3121 493 3213 fflgcllabant⁴.'’

285 3245 481 3331 Quantopere
510 3242 616 3331 ingens
650 3239 728 3306 illuri
762 3241 880 3306 malum
916 3239 1050 3306 Wicliffi
1081 3236 1225 3304 animum
1255 3317 1258 3320 η

269 3488 277 3524 ¹
296 3485 354 3535 Vid.
372 3483 510 3548 descriptio
531 3479 636 3527 sortitus
652 3477 773 3526 luxuriosi
791 3485 963 3528 matronarum
980 3478 1142 3542 Anglicurum
1161 3477 1226 3543 apud

303 3568 493 3631 Knyghtonum.
505 3582 530 3629 p.
542 3562 620 3611 2597.
641 3587 671 3596 -
693 3563 786 3610 ²rinno
800 3564 875 3616 1388.
888 3549 1058 3629 Reperiirnlur
1069 3565 1132 3613 lraoc
1143 3569 1225 3612 statu-

304 3658 329 3700 tn
341 3687 349 3710 ,
368 3651 455 3714 linguei
471 3646 638 3698 Normaunici
649 3636 760 3710 scriptis,
773 3649 838 3711 apud
850 3649 1030 3711 Krryglrtonurn
1053 3669 1078 3714 p.
1089 3649 1156 3698 2720
1166 3663 1223 3710 sqq.

270 3738 337 3786 ³Ci.
357 3735 491 3791 (lineales,
511 3731 568 3780 l'ol.
588 3731 622 3779 tl.
643 3732 671 3779 P.
692 3731 742 3781 lll.
762 3747 790 3796 p.
808 3731 860 3782 273
876 3747 933 3794 sqq.
947 3758 977 3769 -
989 3736 1165 3791 Foratemann,
1182 3733 1227 3780 dio

303 3821 410 3870 cloriall.
442 3815 766 3882 Gsiarlarpoaclrcioflm.
795 3816 891 3866 ileliae.
923 3802 995 3869 1828.
1017 3846 1048 3856 -
1079 3819 1135 3868 Dor
1151 3817 1223 3866 uta-

303 3904 492 3968 pollontiamrsa
517 3901 575 3948 aad
597 3902 641 3950 dia
666 3899 909 3960 Jesalranbolotrm
930 3903 999 3952 nacla
1019 3904 1080 3957 dem
1098 3900 1225 3951 ltolieni·

306 3989 443 4037 sensuales
456 3985 767 4051 Gtooooth·.,sra.1.tps.
783 3984 857 4036 1834.
875 4011 905 4021 -
927 3987 938 4022 i
957 3985 1118 4047 Εἰσί-,3393
1129 4003 1154 4050 p.
1170 3985 1226 4032 169.
