2586 4718
563 332 601 391 rt

95 549 314 638 Aristotelem,
351 548 438 634 eujus
473 563 544 610 sane
579 540 795 633 philosophiae
831 543 973 651 nptitiam
1012 544 1074 612 sibi

96 691 276 763 comparare
301 665 461 772 theologus
476 684 608 743 ,necessa
631 661 787 744 habebat,
819 664 1073 755 quandoquidem

97 794 130 861 in
162 787 325 860 tractanda
356 784 509 875 theologii
538 805 658 850 summa
683 782 851 889 Staflgiritae
882 786 1075 854 concedeba-

96 927 147 981 tur
173 909 351 983 auctoritas.
388 905 465 971 Tam
484 903 619 971 studiose
644 917 749 972 autem
764 897 847 972 illius
863 906 977 997 scripta
1001 930 1073 998 per·

94 1034 243 1102 volutasse
274 1027 411 1107 dicitnr,
444 1038 479 1093 ut
509 1026 684 1115 complures
710 1026 793 1092 locos
819 1026 974 1117 grauiores
1002 1050 1086 1094 me-v

96 1154 194 1220 morii
212 1163 331 1218 teneret
342 1156 370 1218 ¹.
416 1143 479 1216 Sed
496 1168 559 1213 non
574 1144 776 1214 intaminatus
791 1145 821 1212 ei
837 1146 974 1214 innotuit
990 1147 1077 1216 Aris·

74 1317 83 1327 ψ
98 1274 221 1343 toteles:
257 1292 331 1335 nam
359 1266 421 1334 hoc
449 1279 612 1357 tempore,
643 1289 705 1358 qno
718 1315 729 1348 ,
752 1279 787 1333 ut
806 1265 961 1350 diximus,
984 1292 1077 1337 nemo

96 1390 324 1487 propemodum
337 1391 488 1458 Graecam
506 1388 644 1479 linguam
664 1386 774 1454 Oronii
795 1388 931 1468 sciebat,
948 1413 1010 1457 non
1028 1393 1077 1458 in·

102 1513 298 1602 telligebatur
318 1510 370 1577 ille
396 1531 414 1575 e
442 1507 558 1607 chartis
588 1508 734 1588 Graecis,
762 1530 907 1573 verume
933 1511 1078 1578 versioni-

99 1636 163 1702 bus·
185 1632 325 1712 Latinis,
344 1653 423 1721 qnae
443 1628 522 1696 adeo
540 1627 668 1696 vitiosae
687 1640 775 1694 erant
786 1675 797 1708 ,
821 1639 875 1710 ut,
897 1627 936 1695 de
957 1643 1080 1699 senten·

26 1785 33 1798 ·
101 1755 145 1821 ait
165 1753 280 1844 Rogeri
299 1752 430 1820 Baconis
441 1800 452 1832 ,
472 1751 527 1841 qui
547 1747 744 1817 Aristotelem
762 1749 881 1816 Graece
895 1751 991 1842 legit,
1006 1754 1082 1820 istae

100 1874 233 1940 flammis
260 1885 358 1939 essent
383 1869 551 1938 tradendae
568 1877 595 1939 ².
644 1869 721 1935 Erat
741 1869 867 1960 iusuper
881 1871 1081 1966 philosophia

102 1994 276 2062 Aristotelis
300 1989 466 2065 commixta
493 1990 649 2082 figmentis
673 1989 905 2079 Neoplatonicis
933 2006 964 2060 et
994 1992 1083 2062 Gab-

104 2109 1085 2204 balisticis,atqueraldeiufueataacommentatoribnsArabi-

105 2237 164 2304 bns
175 2286 185 2318 ,
206 2255 337 2327 quorum
357 2229 589 2300 celebratissimi
609 2229 735 2297 fuerunt
755 2230 914 2299 Aricenna
934 2247 965 2301 et
985 2237 1084 2305 Aser.

103 2354 206 2427 rbo'e's.

149 2476 335 2565 Quanquam
354 2471 513 2542 Wlelill‘us
533 2470 733 2540 Aristotelem
749 2471 837 2540 valde
855 2471 1085 2565 admirabatur,

2 2669 13 2683 ι
89 2598 329 2684 nonnunquam
362 2607 465 2661 tamen
502 2593 662 2660 Platonem
694 2594 724 2658 ei
754 2595 948 2684 anteposuit,
981 2607 1086 2691 prouti

105 2713 217 2805 passim
235 2735 272 2780 ex
291 2713 372 2781 libro
391 2714 420 2784 Ι.
444 2714 584 2804 opusculi
604 2715 669 2802 ejus
680 2763 690 2794 ,
720 2715 861 2804 inscripti
882 2716 1083 2812 Tsa'alogus,

104 2848 201 2928 patet.
226 2814 229 2821 ¹
251 2831 415 2902 Caeterum
444 2832 662 2925 philosophiae
692 2833 869 2903 Platonicae
893 2839 1004 2907 erilem
1023 2843 1083 2911 ha-

167 3045 234 3095 xisae
256 3044 360 3095 ridetur
381 3044 558 3108 Bageranduss
581 3043 776 3110 L'Assqlatsrrs
796 3050 891 3099 semble
914 3054 994 3105 avoir
1014 3071 1048 3106 aas
1063 3060 1092 3110 tn

165 3129 340 3195 pslroqota'oa
357 3128 390 3176 ds
406 3127 512 3178 donnes
528 3129 545 3177 sl
560 3127 587 3178 lc
598 3130 786 3196 ptstosoptts,
804 3134 837 3182 als
852 3136 930 3184 attola
946 3154 979 3188 ass
994 3143 1090 3206 attola,
1180 3175 1183 3181 >

167 3213 290 3278 pandant
308 3211 332 3259 ls
348 3226 429 3260 cosm
443 3213 481 3262 ato
496 3227 592 3277 moyen
610 3214 675 3279 ops,
694 3216 791 3280 depuis
807 3217 832 3265 le
846 3221 985 3271 contrella
1001 3225 1089 3288 Beda,

168 3297 207 3347 les
219 3311 352 3362 pensauro
366 3296 404 3345 las
417 3297 482 3360 placo
495 3297 716 3362 independamus
725 3298 764 3347 tes
770 3300 835 3364 plus
844 3304 999 3367 aripennus.
1020 3308 1092 3363 lls’st.

167 3384 308 3448 compares
322 3382 369 3431 das
386 3380 519 3446 Systdmss
533 3383 566 3432 da
580 3382 654 3434 Pttt.
675 3386 728 3433 etc.
757 3383 813 3433 Vol.
830 3385 875 3437 lv.
893 3404 919 3452 p.
933 3390 994 3440 589.
1008 3394 1053 3443 lld.
1063 3396 1090 3449 2.

135 3469 145 3504 ¹
169 3467 227 3519 vid.
254 3467 323 3517 John
344 3467 440 3526 lewis,
466 3467 526 3516 Tlos
540 3467 612 3519 Hist.
630 3471 665 3534 of
680 3470 725 3519 tlsa
739 3469 804 3537 Life
820 3475 876 3522 ancl
896 3473 1049 3547 Sufferioqs
1065 3487 1099 3550 of

147 3605 150 3612 ¹
170 3550 242 3600 Iolao
262 3551 393 3618 Wiols'ffa,
414 3551 450 3600 D.
470 3551 505 3600 D.
525 3551 604 3602 Laud.
625 3550 704 3603 1720.
723 3571 750 3618 p.
769 3555 796 3606 2.
972 3605 976 3614 ,

136 3634 148 3670 ²
171 3633 229 3683 vit.
246 3635 313 3700 apud
330 3636 498 3685 Gieselerum.
524 3634 583 3684 vot.
596 3635 633 3686 Π.
654 3634 685 3685 P.
705 3637 741 3685 11.
760 3654 786 3702 p.
807 3637 868 3691 418.
887 3645 943 3695 not.
969 3645 1007 3695 lle
1023 3646 1094 3697 Aris·

171 3717 260 3767 totalis
270 3719 426 3770 versionibus
436 3719 531 3769 Latinis
546 3721 574 3769 el
589 3722 832 3771 commentatoribus
840 3725 960 3785 Graecis,
976 3731 1016 3779 vel
1026 3731 1092 3782 Ara.

168 3801 264 3862 bibus,
291 3801 435 3866 disquisitio
462 3802 557 3868 prodiit
582 3801 684 3853 l'arisiia
708 3806 789 3863 1819,
820 3814 925 3859 auctore
951 3809 1089 3867 Jordanios

172 3885 338 3936 tartarones
361 3883 492 3954 c'ritiqssss
513 3903 562 3938 ssss·
577 3888 646 3952 l'uqe
663 3895 689 3938 at
715 3891 843 3955 l'ors'ys'sas
861 3895 907 3942 das
923 3897 1094 3950 traductione

125 3962 139 3990 ⁴
170 3970 273 4023 larisseo
288 3969 456 4035 d'Ars'atots,
474 3979 500 4022 et
518 3989 567 4024 sssr
580 3975 626 4022 deo
639 3978 844 4026 commentairs's
862 3980 942 4029 Graes
952 3996 987 4031 oss
995 3982 1094 4036 Arabes

173 4055 304 4122 employdr
317 4071 370 4122 pas·
387 4058 432 4107 dea
450 4057 582 4108 Doctsasss
602 4058 809 4124 Setotasttqoes.
