2586 4718
711 307 752 370 36

245 521 329 586 illam
340 532 454 588 artem:
467 517 520 587 scd
534 526 841 610 temereposucmnt
850 538 1055 609 quaecamque
1063 525 1219 590 munuera

242 644 311 708 stuc
320 641 425 732 salsa
441 661 611 706 assumere
629 640 772 719 taboret,
788 642 855 705 imo
872 661 950 706 uero
958 642 1060 729 falsa
1072 665 1217 732 ponere,

240 784 325 853 quae
344 762 630 841 demonstrarent,
652 761 838 840 malebant,
860 783 924 851 quo
945 761 1106 849 majorem
1123 766 1219 830 sciti·

244 883 322 947 ticet
341 883 472 973 ingenii
491 880 642 961 laudem,
663 905 704 946 ac
714 882 865 971 gloriam
884 890 1040 971 caperent
1056 864 1094 951 ¹.'
1107 884 1218 974 Neque

241 1001 336 1068 etiam
355 982 609 1089 colloquebantur
630 1013 661 1067 et
679 999 877 1068 disserebant·
892 999 932 1066 de
949 1001 1059 1082 rebus,
1080 1001 1119 1068 ad
1140 1027 1218 1093 qua-

132 1210 135 1217 ·
239 1143 310 1188 rum
324 1121 485 1187 scientiam
499 1122 661 1213 peruenire
676 1133 845 1213 cuperent,
858 1121 911 1189 sed
927 1123 1107 1206 certabant,
1123 1126 1218 1192 verba

202 1297 204 1301 .
241 1241 488 1310 adversariorum
518 1244 759 1325 cavillabuntur,
794 1244 974 1311 rixabantur
1002 1244 1110 1328 adeo,
1129 1248 1218 1337 'qui-

240 1387 363 1455 cunque
382 1363 441 1430 hac
461 1363 623 1431 dialectica
642 1365 674 1431 in
694 1365 964 1432 exercitationibus
983 1379 1015 1432 et
1034 1366 1217 1457 disputatio·

241 1485 334 1553 nibus
359 1484 494 1574 publicis
523 1463 701 1554 utebantur.
749 1487 822 1551 Fuit
840 1486 934 1575 igitur
953 1484 1031 1552 hacc
1049 1486 1217 1556 Scholasti-

242 1629 348 1673 ccrum
368 1605 447 1672 ratic
465 1605 569 1694 potius
588 1609 718 1692 ἐρωτικὴ
737 1604 907 1696 quaedam,
928 1609 1216 1696 quamosal‘anuuh.

238 1729 276 1797 ln
313 1727 373 1793 hac
407 1738 512 1792 autem
549 1725 727 1818 disputandi
756 1738 822 1793 arte
852 1749 1031 1817 quanquam
1058 1729 1216 1797 Wicliffus

224 1847 507 1916 ,exercitatissimus
534 1847 616 1929 fnit,
646 1847 690 1913 ita
717 1859 753 1914 ut
773 1845 902 1937 quidam
922 1848 1060 1938 aequalis
1079 1847 1158 1916 haec
1178 1849 1218 1916 de

239 1992 276 2036 en
288 1982 415 2037 testatus
426 1969 485 2037 sit:
510 1968 1218 2063 »potenseratetuctt'dusindisputationi-

143 2163 147 2173 s
237 2091 295 2155 bus
311 2111 411 2179 super
430 2097 597 2169 caeteros,
618 2096 649 2153 et
661 2091 698 2153 in
708 2093 916 2179 argumentis
926 2075 1015 2156 nulli
1023 2093 1217 2157 credebatur

232 2209 435 2276 secundus''²
445 2255 457 2288 ‚
477 2220 582 2273 tamen
601 2207 720 2298 ingenii
739 2210 876 2274 acumini
894 2225 926 2277 ct
945 2213 1111 2279 subtilitati
1128 2235 1216 2305 mag·

232 2352 309 2398 num
323 2330 428 2419 junxit
446 2329 513 2395 ueri
531 2325 690 2411 studium‚·
705 2327 790 2418 quod
808 2318 848 2394 ea
862 2330 984 2422 scriptis
1000 2335 1065 2422 ejus
1074 2348 1214 2424 apparet.

279 2452 390 2540 Neque
420 2450 522 2516 minus
551 2448 671 2516 assidue
700 2450 858 2518 Wicliffus
887 2474 919 2518 se
935 2454 1107 2531 ,imbuebat
1138 2456 1216 2545 phi·
1278 2456 1281 2466 '

233 2569 382 2661 losopbia·
406 2551 585 2635 scholastici
596 2615 607 2649 ‚
631 2593 711 2658 quac
729 2569 827 2638 hocce
845 2596 919 2641 aevo
939 2598 995 2666 per
1014 2576 1216 2644 Guilielmum

236 2692 406 2760 Occamum
437 2697 551 2757 novum
581 2691 665 2779 cepit
693 2690 842 2780 uigorem.
893 2695 980 2762 Haec
1002 2697 1217 2788 philosophia,

234 2802 280 2882 uli
297 2828 329 2880 et
353 2812 506 2902 theologia
530 2810 726 2892 scholastica,
746 2815 867 2882 etiamsi
889 2831 979 2884 enata
999 2814 1127 2907 quidem
1152 2839 1217 2883 esse

148 3008 152 3018 Δ
235 2937 268 3003 in
294 2937 404 3025 anglia
432 2935 505 3000 dici‘
513 2945 648 3023 nequeat
660 2951 678 3014 ,’
695 2948 799 3001 tamen
821 2938 940 3003 exculta
959 2937 1005 3002 ibi
1024 2918 1111 3000 omni
1131 2946 1214 2999 tem·

232 3082 309 3150 pore
338 3057 574 3148 diligentissime
602 3063 686 3125 est³.
736 3058 871 3137 Multum
900 3055 1023 3143 legebat
1055 3054 1211 3120 Wicliffus

263 3357 273 3391 ¹
297 3355 362 3404 Sunt
380 3353 456 3406 verba
473 3357 522 3408 viri
539 3359 578 3412 ct.
593 3357 706 3410 llcustlii.
723 3357 814 3408 tutata
827 3355 905 3406 Past-
918 3354 991 3410 utos.
1007 3357 1066 3410 vot.
1085 3358 1120 3408 11.
1136 3360 1165 3410 Ρ.
1181 3360 1218 3414 11.

297 3454 325 3503 p.
347 3437 405 3488 162.
712 3450 717 3454 ·

261 3524 272 3559 ²
297 3523 375 3574 llcnr.
394 3522 426 3572 de
444 3523 600 3589 Knyghtnn,
620 3524 647 3572 in
667 3519 766 3572 caros.
784 3521 817 3570 cte
833 3521 929 3575 Evasit.
948 3523 1027 3592 Anql.
1046 3544 1074 3594 p.
1089 3528 1169 3583 ucat.

192 3647 193 3651 ,
261 3610 274 3646 ⁸
296 3609 509 3660 Praestantissimi
532 3609 571 3658 illi
595 3605 708 3656 cullcm
729 3605 906 3674 philosophiae
932 3614 959 3660 et
977 3611 1121 3678 theologiae
1144 3615 1222 3664 schn-

295 3694 416 3753 lasticaa,
434 3692 565 3751 Ualesius,
575 3679 690 3752 Rcaetus
705 3689 772 3740 Banu
782 3725 790 3752 ,
802 3690 988 3756 llidclletcnua,
1007 3697 1138 3750 Johannes
1147 3701 1219 3749 Dun-

295 3779 366 3838 sius,
381 3779 522 3836 Occamus,
539 3773 749 3836 Bradwartlinus,
767 3777 903 3828 Gualterus
919 3781 1057 3844 burlaeus,
1074 3785 1151 3848 Angli
1161 3783 1219 3832 sne·

292 3864 355 3910 runt
375 3859 489 3909 natione.
536 3856 611 3908 luter
636 3858 731 3925 primos
756 3859 889 3914 doctrinae
915 3866 1085 3919 scholasticae
1101 3872 1220 3918 auctores

294 3945 457 3993 eminuerunt
467 3948 475 4001 ’,
484 3946 522 4002 ,nt
537 3945 629 3995 notum
645 3948 701 4008 cst,
720 3946 876 4004 lanfrancus
897 3953 923 4001 ct
938 3952 1089 4013 Anselmus,
1104 3954 1218 4016 uterquc

295 4025 433 4089 aliqnando
449 4025 664 4097 archiepiscopus
681 4033 882 4087 cantuariensi&
924 4037 1050 4100 Quocirca
1064 4037 1156 4090 meritc
1174 4038 1217 4091 ‹li-

34 4213 38 4222 Ι
70 4201 79 4211 u

208 4252 213 4263 s

66 4268 266 4408 Ι

272 4342 275 4349 s
