2586 4718
638 340 679 402 32

166 585 224 630 uae
246 563 396 629 honorem
417 556 607 649 Reginorue
623 550 798 645 Collegium
814 560 1039 649 nuncuparit1.
1081 560 1143 630 llic

126 709 129 715 ’
163 707 237 751 vero
265 682 320 748 diu
349 691 485 746 moratus
504 699 565 744 non
588 676 680 742 fuisse
700 674 846 761 ridetur3
872 701 994 746 causam
1014 680 1143 771 ignora·

163 828 244 876 mus.
279 802 369 869 Adiit
388 812 454 866 tum
476 798 648 888 Collegium
669 799 882 881 Merionense,
902 803 987 891 cujus
1006 803 1142 892 primum

93 901 99 918 ⁸
164 925 332 1005 scholaris,
349 922 464 989 deinde
484 925 583 987 socius
604 921 664 986 luit
676 929 703 990 ².
734 921 914 990 Pertinebat
933 923 1011 989 illud
1030 923 1069 989 ud
1089 948 1142 992 re·

163 1047 354 1127 tustissima;
381 1043 542 1110 conditum
560 1064 674 1132 nempe
692 1065 773 1110 auno
796 1047 879 1111 1267
897 1069 915 1110 a
936 1046 1083 1114 Gualtero
1101 1046 1142 1114 de

162 1164 286 1266 Merton
307 1167 440 1245 clerico,
462 1177 567 1254 postea
585 1140 741 1254 Episcopo
756 1165 838 1232 iacto
858 1165 1037 1236 Roffensi³=
1059 1180 1141 1233 erat-

23 1273 25 1280 ¹
111 1307 118 1315 ‘
158 1310 245 1379 que,
274 1289 337 1354 sire
355 1273 522 1351 dotationis
539 1284 808 1376 magnitudinem,
830 1287 894 1353 sive
912 1289 1011 1370 viros,
1032 1291 1087 1379 qui
1106 1312 1141 1356 er

79 1428 81 1432 ’
156 1431 200 1492 eo
224 1411 291 1498 jam
315 1405 514 1496 prodierunt,
545 1405 735 1486 consideres,
755 1405 815 1473 hoc
841 1401 982 1498 tompore
1004 1411 1142 1477 celebra·

58 1538 61 1544 ’
161 1531 327 1598 tissimum.
375 1519 1142 1617 seilicetcoltegiihuJusfuerumatomnitohan·
1234 1512 1246 1522 “

159 1675 214 1719 ues
230 1651 365 1719 Dunsius
383 1648 511 1727 Scotus,
534 1645 704 1728 Occamus,
721 1648 910 1738 aliiqueriri
924 1630 1139 1721 laudatissimi.

160 1774 292 1856 Scotus,
306 1772 422 1838 doctor
437 1769 489 1834 illc
499 1769 649 1848 subtilat,
668 1768 845 1860 quiOronii
854 1819 864 1851 ,
880 1770 1022 1851 Parisiis,
1033 1785 1064 1838 et
1074 1770 1140 1839 (lo-

111 1979 114 1985 ,
160 1895 263 1961 ioniae
282 1892 475 1982 Agrippinae
493 1867 662 1972 docuerat,
682 1903 821 1957 mortuus
843 1891 970 1982 quidem
986 1907 1058 1959 ante
1074 1896 1140 1984 jam

139 2028 228 2093 ,erat
257 2012 436 2101 (†130tt),
471 2033 565 2101 quam
589 2025 678 2077 natus
698 2025 763 2078 erat
783 2012 962 2083 Wicliffus:
990 2013 1140 2081 Occamus

119 2130 122 2136 ’
160 2159 254 2217 vero,
293 2135 407 2200 doctor
439 2135 630 2222 singularia
659 2142 690 2198 et
718 2135 941 2215 invincibilia,
975 2134 1140 2225 discipulus

160 2257 246 2327 Sooti
258 2304 270 2338 ,
290 2253 392 2322 adhuc
423 2253 546 2320 virebat
569 2255 608 2343 (†
630 2256 748 2343 1347),
769 2257 911 2337 etiamsi,
937 2255 1011 2322 dum
1032 2250 1141 2324 Oronii

159 2379 339 2447 versabatur
364 2375 541 2455 Wicliffus,
556 2377 623 2466 jam
639 2376 749 2442 absens
765 2375 816 2440 ille
832 2389 909 2441 esset
925 2377 957 2440 in
975 2377 1141 2451 Germania

162 2499 245 2590 apud
257 2497 450 2565 Ludoricum
470 2497 647 2578 Bararum,
668 2495 994 2565 abannoinde1328.
1020 2498 1100 2582 Quin
1111 2511 1141 2564 et
1166 2558 1168 2562 a

161 2620 268 2713 paucis
295 2606 383 2685 antiis
410 2631 504 2696 ante,
534 2639 628 2707 quam
648 2614 807 2693 Wicliffus
828 2614 1003 2706 Collegium
1022 2619 1144 2685 Merto·

120 2731 125 2738 ¹
160 2727 256 2809 nense
283 2740 384 2821 adiit,
412 2738 552 2806 Thomas
572 2733 838 2814 Bradwardinus,
854 2735 993 2824 ejusdem
1014 2736 1143 2826 Collegii

163 2841 329 2953 aliquando
348 2863 509 2939 alumnus,
530 2857 690 2944 theologus
711 2856 897 2920 clarissimus
917 2868 1010 2943 atquc
1026 2856 1065 2920 ab
1085 2877 1143 2920 ae·

155 2985 306 3076 ¹qualibus
331 2984 423 3048 titulo
439 2979 585 3045 doctoris
595 2973 769 3065 profanandi
791 2975 977 3056 honoratus,
993 2975 1141 3042 lectiones

130 3117 133 3130 '
161 3105 207 3172 ihi
218 3105 328 3171 hahuit
337 3104 378 3169 de
388 3123 490 3169 cauea
502 3095 1140 3186 BeiaduersncPelagenm,inquotrac·

167 3333 458 3358 Μ

192 3484 202 3519 1
224 3460 320 3532 nona}
336 3478 390 3547 un
411 3478 446 3528 11.
467 3496 493 3544 p.
514 3478 563 3527 ua
581 3495 638 3542 sqq.
655 3505 687 3516 -
710 3479 721 3515 2
745 3479 803 3529 var.
830 3480 906 3529 uem.
929 3481 1065 3531 naasion
1081 3482 1148 3549 App.

237 3567 272 3614 ad
288 3561 358 3611 Hirt.
374 3556 579 3624 liter.=Script.
598 3561 670 3613 Ecol.
684 3562 752 3610 Guil.
772 3563 855 3615 Cerei.
874 3563 931 3613 Vol.
953 3565 990 3615 Π.
1011 3583 1036 3631 ρ.
1051 3566 1096 3617 60.

193 3651 204 3685 ³
227 3645 321 3696 Wood.
340 3644 367 3693 Ι..
388 3644 424 3693 11.
444 3660 471 3710 p.
491 3645 524 3694 85
541 3660 599 3708 sqq.
619 3671 654 3683 -
672 3645 759 3695 Inhoo
768 3647 897 3711 Gossegin,
915 3649 983 3711 quod
992 3651 1149 3714 praeclarum

233 3734 273 3780 eat
298 3733 491 3778 monumentum
511 3729 700 3781 architecturae
720 3731 863 3792 Gothicae,
883 3733 1029 3783 etiamnunc
1046 3733 1152 3784 Wicliffi
1252 3773 1266 3785 e

232 3827 326 3862 nomen
350 3813 461 3876 legium
489 3816 682 3880 conspiciuntur
710 3815 774 3865 duae
796 3817 893 3880 figurae
912 3819 1012 3879 ululae,
1034 3822 1151 3869 tenentes

232 3898 343 3946 lauream
361 3903 387 3947 et
406 3897 543 3958 volumen,
570 3900 596 3948 iu
613 3916 683 3964 quo,
704 3905 806 3966 praeter
825 3899 931 3951 alicrhm
949 3902 1027 3968 huju·
1043 3904 1150 3968 Collegii

233 3983 295 4031 olim
311 3983 448 4034 illustrium
463 3985 591 4035 sociorum
606 3985 727 4045 nomina,
749 3985 853 4051 Wicliffi
868 3987 944 4036 etiam
961 3988 1084 4052 scriptum
1102 3991 1150 4036 eat·

232 4065 291 4117 vid.
315 4067 369 4117 Tne
387 4069 490 4136 Orsord
510 4069 586 4119 Unio.
604 4071 660 4119 aad
678 4069 846 4134 Gifyiv'uida.
866 4074 949 4124 Oxoni
962 4071 1036 4123 1832.
1048 4088 1075 4138 p.
1091 4072 1148 4124 168.
