2586 4718
558 343 618 411 177

58 581 60 589 ⁴
96 567 172 658 qnid
191 565 297 632 ridere
316 576 501 655 coeperant,
520 554 705 654 sic‘quoque
720 566 870 655 paulatim
889 569 1079 650 incaluerat,

96 688 150 754 dio
170 685 394 768 anteWioliffi
414 698 571 765 aetatem,
590 685 620 749 in
643 684 782 752 ttoctesit
800 687 929 778 opinio,
948 687 1077 754 Eucha-

96 809 215 874 ristiam
249 829 312 874 esse
346 793 533 873 sacrificium
570 806 790 889 incruentum,
820 832 882 898 quo
913 822 1076 889 cruentum

98 928 196 1012 illud,
221 930 314 996 semel
337 928 369 994 in
395 949 487 994 cruce
507 927 724 1008 immolatum,
743 927 965 996 instauraretur
985 942 1079 1019 atque

97 1050 201 1149 animo
229 1061 523 1141 repraesentaretur.
578 1049 646 1115 Hoc
666 1048 852 1115 sacrificium
864 1099 875 1130 ,
895 1072 952 1141 per
972 1071 1078 1116 saeer-

3 1181 6 1185 “
98 1167 203 1235 dotem
234 1171 300 1236 Ileo
327 1169 489 1250 oblatum,
507 1192 568 1235 non
593 1168 692 1236 laudis
716 1181 836 1236 tantum
857 1183 888 1236 et
908 1171 1076 1260 gratiarnm

99 1290 181 1355 actio
208 1312 273 1356 esse
301 1288 507 1371 credebatur,
535 1275 642 1355 verum
671 1289 765 1356 etiam
793 1291 985 1377 ἱλαστήριον,
1017 1289 1079 1355 rim

100 1408 218 1475 habens
243 1408 388 1499 expiandi
407 1423 535 1501 peccata
554 1423 586 1476 et
607 1409 830 1479 reconciliandi
849 1409 990 1477 homines
1010 1416 1082 1476 oum

44 1563 46 1567 ·
101 1529 169 1595 Deo
177 1576 188 1609 ,
203 1542 267 1595 tam
282 1520 436 1610 viventes,
452 1553 546 1619 quam
555 1543 705 1602 mortuos.
731 1531 965 1622 Ingravescente
974 1552 1083 1622 soper-

101 1649 242 1730 stitione,
273 1650 371 1738 magis
396 1651 554 1741 magisque
574 1649 635 1716 hoc
653 1643 880 1718 sacramentum
900 1652 1083 1733 tremendi,

102 1769 186 1858 quod
205 1770 386 1851 dicebatur,
406 1776 561 1859 mysterii
578 1772 711 1838 for'mum
732 1773 846 1842 induit.
891 1772 944 1839 Sic
963 1772 1084 1838 saeculo

102 1890 180 1957 XIII
189 1891 230 1955 ¹in
244 1914 325 1981 pane
341 1906 519 1958 consecrato
536 1893 596 1957 Ilei
606 1892 721 1958 Filium
733 1893 863 1959 adorare
876 1893 970 1982 inque
980 1892 1087 1982 publi·

103 2013 146 2077 cis
160 2013 439 2101 supplicationibus
455 2013 658 2075 circumferre
670 2024 857 2100 coeperunt:
872 2023 944 2076 tunc
955 2032 1086 2076 consue·
1167 2083 1168 2086 Ἴ

102 2132 177 2197 tudo
204 2135 236 2195 in
263 2129 400 2194 Ecclesiir
420 2129 573 2208 invaluit,
593 2151 716 2194 omnem
736 2130 886 2220 populum
907 2128 946 2195 ad
967 2129 1087 2196 hostiae

104 2251 307 2315 elevationem
324 2249 444 2312 reniam
460 2260 567 2336 petere
575 2297 586 2328 ,
602 2262 633 2315 et
647 2272 745 2338 usque
761 2248 800 2315 ad
817 2251 924 2316 calicis
938 2250 1088 2317 benedic·
1144 2319 1149 2336 2

104 2369 219 2435 tionem
238 2381 425 2458 prostratum
436 2370 555 2456 jacere.
603 2368 723 2435 Eodem
743 2392 867 2459 quoque
888 2392 962 2435 aero
980 2371 1085 2453 laicis,

105 2488 144 2554 ad
170 2459 399 2584 Euclionistiam
424 2482 650 2555 celebrandam¹
669 2489 932 2577 (communionem
951 2503 1089 2560 sanctam

101 2611 191 2698 vulgo
212 2608 334 2696 dicunt)
355 2609 627 2690 convenientibus,
646 2607 751 2676 calicis
765 2632 836 2676 usus
851 2608 997 2702 denegari
1013 2633 1086 2678 coe-
1162 2618 1164 2622 ”

13 2792 20 2798 .
102 2729 162 2820 pit.
208 2729 282 2796 Jam
308 2727 468 2808 sacerdos,
491 2729 577 2796 'solus
606 2750 676 2795 eum
696 2727 862 2812 hauriens,
888 2755 977 2822 »pro
997 2733 1086 2800 robis

103 2849 290 2917 omnibust’
324 2850 440 2940 populo
471 2850 674 2919 acclamabat.
732 2848 971 2920 contendebant
1000 2855 1084 2920 enim

101 2971 229 3064 plurimi
240 3019 251 3051 ,
281 2970 314 3034 in
343 2973 474 3061 utrique
501 2973 604 3061 specie
629 2985 729 3039 totum
750 2970 908 3051 Christum
928 2973 1010 3038 sumi
1027 2996 1085 3062 per

102 3096 405 3170 concomitantiam,
435 3114 530 3181 quam
553 3104 677 3160 vocant.
725 3091 814 3156 IIanc
833 3105 936 3158 autem
957 3092 1086 3182 opinio·
1102 3081 1117 3131 2

103 3237 197 3296 nem,
222 3217 289 3305 jam
319 3213 440 3280 saeculo
468 3211 530 3278 XII
560 3209 688 3292 medio,
714 3211 746 3274 iu
772 3211 883 3301 anglis
903 3200 1085 3279 defenderat
1187 3246 1188 3251 ¹

104 3335 257 3402 Robertus
284 3333 442 3430 Pulleinus
462 3340 488 3402 ¹.
547 3332 691 3421 Denique
716 3332 769 3396 illa
797 3331 1085 3400 Traussubstantia-

107 3453 198 3518 tionis
224 3454 364 3526 doctrina
392 3453 549 3520 Eeblesiae
573 3464 734 3543 tantopere
753 3444 892 3542 placuit,
914 3465 948 3518 ut
967 3453 999 3517 in
1019 3457 1085 3543 ejus
1117 3446 1120 3452 ’

34 3589 36 3592 ⁴
107 3571 278 3650 bonorem,
307 3597 387 3642 anno
419 3578 524 3655 1311,
544 3573 628 3664 Papa
651 3570 794 3640 Clemens
816 3549 843 3635 V*
860 3593 960 3639 annua
980 3575 1085 3640 solen-

109 3694 179 3774 nia,
208 3696 422 3782 quaesestom
450 3699 605 3788 corporis
629 3694 760 3765 Christi
780 3695 986 3776 dicebantur,
1005 3719 1084 3762 oon·
1131 3684 1133 3688 ¹

143 3995 150 4027 ¹
176 3992 205 4039 In
223 3992 278 4055 rjus
301 3991 421 4040 Sentcmt.
443 3994 471 4043 P.
490 3980 562 4044 vul.
588 4010 645 4060 cup.
661 3989 688 4043 3.
727 3995 767 4045 ur.
788 3991 1091 4056 Baunrgarten·Crusius,

178 4075 288 4126 ctrtsrt.
308 4076 517 4142 Doqmertqorrb.
537 4079 594 4128 Vol.
611 4078 647 4127 II.
666 4094 692 4143 p,
714 4074 792 4127 1246.

849 4160 876 4218 12'
