2586 4718
646 278 710 337 202

188 492 323 560 demum.
350 493 456 558 1406:
497 501 529 554 et
562 500 744 577 praeterea,
778 483 1045 555 considerantibus
1078 493 1175 565 ιώ

186 613 321 704 negotia.
338 632 429 701 supra
457 621 647 688 memorata,
678 605 829 696 ejusmodi
853 606 966 696 agendi
989 609 1069 677 ratio
1089 611 1175 679 Uni.-

186 732 338 801 versitatis
357 729 536 798 Oroniensis
555 727 615 795 hoc
634 749 738 793 rernm
758 725 937 795 discrimine
960 728 1060 797 miuus
1080 735 1175 799 reri·

185 856 296 924 similis
314 867 372 922 est.
419 850 529 918 Miseri
547 872 619 916 sero
639 848 836 929 desinemus,
854 848 1065 943 coryphaeum
1085 853 1174 923 illius

186 990 286 1044 sectae
314 987 389 1040 tuuc
416 974 448 1037 in
470 972 522 1060 jus
550 993 610 1036 uon
635 991 699 1036 esse
718 982 884 1050 vocatum,
904 971 928 1036 si
948 969 1114 1039 redeamus
1135 977 1173 1043 in

187 1096 370 1165 memoriam
398 1092 552 1183 imprimis
579 1113 709 1172 eornm,
729 1113 810 1181 qnae
829 1090 1009 1161 acciderunt
1028 1092 1060 1156 in
1080 1093 1175 1165 Aede

134 1185 138 1192 .
186 1218 252 1284 diri
273 1216 381 1295 Pauli,
403 1228 506 1303 'quum
527 1210 718 1279 Conrtonens
737 1226 800 1279 tam
819 1212 987 1280 infeliciter
1005 1237 1073 1281 rem
1093 1237 1176 1283 corr·

186 1351 233 1405 tra
262 1335 438 1403 Wieliffum
467 1335 549 1423 egit:
583 1332 660 1398 baec
685 1335 787 1399 virum
807 1335 895 1402 illum
914 1334 1117 1402 ambitiosum
1138 1351 1175 1408 et

186 1457 354 1550 superbum
371 1478 435 1522 non
453 1455 567 1544 fugisse
586 1455 708 1544 opiner.
748 1454 798 1520 lb
819 1455 904 1522 omni
921 1454 1049 1545 quidem
1064 1456 1175 1525 officio

186 1579 366 1648 scholastico
380 1575 541 1643 Wicliffns
555 1597 680 1663 quoque
689 1575 861 1664 jubebatur
878 1577 1052 1656 abstinere,
1068 1576 1176 1673 donec

184 1699 430 1790 Archiepiscopo
454 1695 494 1761 de
512 1695 632 1762 haeresi
650 1702 881 1787 se'pnrgasset:
904 1697 958 1764 sed
978 1721 1039 1765 non
1056 1711 1173 1789 patet,

183 1821 282 1894 hocce
310 1816 492 1885 mandatum
521 1822 624 1883 serer‘e
641 1829 824 1915 'exsecutum
843 1840 907 1884 esse
928 1816 1174 1892 cancellarium.

185 1945 227 2015 lut
253 1940 417 2015 anathema
428 1987 439 2019 ‚
459 1936 543 2028 quod
566 1934 757 2006 Gourtnaeus
775 1939 805 2003 ai
825 1939 961 2006 minatus
980 1953 1047 2006 erat
1058 1989 1068 2020 ,
1090 1964 1174 2008 non.-

185 2062 274 2143 dum·
295 2080 362 2129 erat
398 2061 655 2152 pronuntiatum:
691 2060 755 2125 sire
788 2060 840 2126 ille
871 2061 1018 2128 metuerit
1048 2061 1174 2132 nobiles

184 2183 319 2251 Wieliffi
347 2194 378 2248 et
401 2192 544 2271 potentes
562 2180 696 2247 fautores
715 2194 809 2269 atqua
827 2195 972 2270 patronos
983 2229 993 2262 ,
1013 2180 1075 2248 sire
1093 2183 1173 2253 alias

73 2315 76 2322 ’
185 2307 227 2374 ob
253 2328 358 2376 causas
383 2301 416 2368 id
436 2300 602 2371 distulerit.
650 2299 821 2366 Plurimum
840 2301 902 2368 boe
922 2317 1062 2392 ternpore
1081 2314 1173 2370 eom·

185 2440 341 2495 moratum
377 2426 470 2492 luisse
501 2423 677 2489 Wicliffum
710 2423 741 2488 in
769 2422 917 2513 parochiis
945 2426 1171 2507 Luterororti,

183 2547 269 2612 haud
298 2559 341 2612 est
371 2543 591 2632 improbabile.
638 2544 818 2610 Ne'tamen
848 2546 893 2610 ibi
921 2546 1071 2634 ignaviter
1092 2568 1170 2612 enm

183 2668 307 2735 latuisse
326 2672 486 2756 putemus:
505 2677 701 2732 controvers
716 2666 909 2732 orationibus
924 2668 1016 2733 sacris
1031 2668 1171 2735 intonuit

183 2793 249 2879 eius
278 2810 335 2854 ror
364 2787 506 2852 adsersus
524 2785 708 2851 clericorum
728 2785 761 2849 in
781 2800 900 2853 mentes
918 2785 1082 2853 hominum
1104 2787 1168 2855 do·

182 2907 325 2975 minandi
351 2907 531 2974 effrenatam
558 2904 736 2978 libidinem.
783 2907 822 2973 In
848 2910 987 2974 oratione
1006 2907 1142 2998 qnidam
1155 2959 1167 2990 ,

90 3015 93 3020 ¹
177 3030 243 3132 ¹boc
276 3033 341 3096 fere
371 3043 532 3121 tempore,
562 3040 598 3093 ut
626 3013 771 3130 ridetur,
804 3026 933 3110 babilla,
962 3030 1094 3120 respexit
1124 3030 1166 3096 ad

182 3153 359 3231 actionem,
380 3173 472 3240 quarn
493 3149 680 3225 llerefordio
700 3127 735 3228 et¹
748 3150 888 3228 Ashtono
904 3151 1087 3219 intendebat
1098 3175 1166 3219 ma·

175 3287 258 3366 'gnus
293 3274 345 3339 ille
379 3266 511 3362 Angliae
541 3271 734 3364 Episcopus,
765 3272 822 3357 (sic
852 3286 959 3363 aspere
987 3273 1168 3365 appellabat

184 3393 430 3480 Gonrtnaenm),
464 3415 556 3484 quern
590 3393 636 3459 ira
667 3414 846 3459 succensum
877 3392 975 3474 dixit,
1006 3394 1091 3486 qnod
1119 3396 1169 3464 lex

183 3516 243 3583 Dei
262 3516 399 3606 Angliee'
411 3513 525 3604 scripta
545 3519 610 3580 'arat
632 3513 663 3579 in
682 3515 833 3581 laicorum
852 3515 1052 3582 commodum
1064 3527 1091 3586 ¹.
1125 3518 1165 3584 ln

196 3683 304 3694 ——-

215 3773 224 3808 ¹
251 3771 288 3820 Hs
304 3771 361 3833 (tlte
377 3773 453 3831 preat
467 3767 559 3831 bistrup
575 3769 769 3834 oflt'ttplustdt,
782 3769 1025 3832 inquietudinis,
1034 3777 1174 3837 patronati

246 3872 264 3906 c
283 3855 388 3903 certain
402 3853 503 3916 preest,
524 3853 633 3903 because
649 3855 684 3904 be
698 3856 808 3904 irritetis
819 3862 917 3906 tomen
928 3857 1087 3922 tlrs's(ch'a
1102 3860 1168 3926 law)

248 3939 378 4003 Escyls'sb,
395 3938 451 3985 and
466 3940 641 3987 summoneri>
649 3940 707 3988 Irim
718 3972 736 3997 ,.
746 3941 801 3988 aad
810 3941 941 3991 translatis
952 3944 1021 4005 lim,
1031 3961 1060 3994 ro
1070 3945 1130 3995 etat
1145 3947 1172 3995 tt

250 4025 275 4071 r's
293 4023 362 4072 lrnrd
375 4021 425 4087 fos·
442 4023 498 4071 lim
513 4029 541 4072 to
560 4024 623 4099 bros
638 4025 672 4075 r't.
710 4022 771 4076 And
784 4028 847 4078 tlstrr
866 4029 896 4079 irs
909 4029 1171 4095 purmtlrtootiter
