2586 4718
515 331 628 412 ¹ars
736 421 740 431 ι

108 548 168 614 hac
188 547 221 611 in
240 567 275 610 re
292 567 311 609 a
331 564 405 611 raro
423 541 597 621 aberraret,
621 540 750 606 meliora
768 539 893 607 edoceri
914 542 1082 611 vehemen-

106 684 155 737 ter
182 666 341 758 cupiebat.
393 664 537 754 Denique
555 662 731 743 fatebatur,
750 661 951 752 sequidem,
972 665 1083 756 opitu.

106 791 189 857 tante
213 790 302 870 Deo,
330 786 415 853 haud
435 790 647 852 recusaturum
666 806 730 851 esse
748 783 833 850 adire
853 784 990 875 Papam,
1010 786 1084 868 sed,

107 911 272 1002 quominus
287 908 350 976 hoc
368 908 429 975 iter
448 908 581 1002 faceret,
600 929 618 973 a
638 905 743 973 dirind
761 928 793 972 se
812 906 958 998 impediri
976 908 1085 975 Prori-

105 1032 231 1114 dentid,
259 1031 311 1099 cui
338 1029 435 1119 magis
463 1041 528 1096 erat
547 1026 805 1107 auscultandum,
829 1050 923 1116 quarn
940 1026 1083 1095 homini·

104 1152 184 1235 bus;
219 1150 366 1243 quodque
391 1150 508 1240 Papam
532 1150 625 1216 etiam
656 1139 805 1229 decebat,
823 1148 884 1214 nisi
902 1171 1009 1240 reapse
1027 1173 1083 1240 pa·

104 1273 168 1339 lam
187 1296 219 1340 se
236 1271 463 1340 Antichristunr
482 1269 640 1362 praestare
659 1271 751 1337 vellet
763 1277 790 1339 ¹.

124 1451 126 1458 .
150 1393 191 1459 In
210 1392 270 1458 hac
288 1392 422 1460 Wioliffi
439 1393 633 1459 excusatione
648 1391 839 1481 acquievisse
848 1388 972 1457 ridetur
982 1392 1084 1481 Papa,

105 1515 188 1580 curis
217 1513 394 1580 domesticis
419 1526 451 1579 et
467 1511 607 1604 negotiis
624 1512 714 1602 longe
732 1512 925 1604 gravioribus
945 1510 1086 1602 implici-

101 1647 162 1704 tus.
209 1634 292 1702 Nam
319 1633 511 1701 aduersarius
540 1632 772 1718 'avenionensis
805 1632 1025 1723 multomagis
1053 1635 1086 1701 in

103 1755 347 1845 praesentiarum
376 1755 525 1826 molestus
551 1767 617 1820 erat
645 1753 800 1835 Urbano,
820 1777 914 1844 quarn
933 1755 1087 1843 professor

102 1877 157 1942 ille
184 1867 377 1946 Oroniensis.
429 1874 592 1944 'Wicltffus
610 1873 727 1940 idcirco
744 1874 913 1962 tranquille
929 1874 1088 1964 reliquum

104 2008 227 2087 tempus
255 1995 454 2064 Luterororti
472 1992 584 2080 degit.
639 1991 817 2080 Antequam
846 2015 920 2060 aero
945 2015 1088 2061 enarrare

103 2137 289 2204 pergamus,
322 2111 480 2202 quomodo
515 2112 585 2181 illie·
615 2111 723 2180 vixerit
773 2113 914 2205 quidque
953 2117 1088 2185 extremi

104 2235 187 2300 ritae
213 2246 315 2299 aetate
342 2232 533 2322 perfecerit,
561 2254 673 2325 operae
700 2235 837 2325 pretinm
864 2237 924 2304 erit
948 2252 1087 2305 mentem

102 2353 266 2422 advertere
292 2353 333 2420 ad
357 2355 420 2422 rim
434 2368 473 2422 et
493 2354 732 2433 efficacitatem,
752 2374 846 2445 quarn
865 2355 926 2423 hoc
945 2371 1086 2448 tempore

101 2477 148 2544 vir
167 2477 220 2543 ille
236 2477 268 2541 in
289 2476 406 2565 Anglos
425 2489 613 2546 exseruerat.
650 2466 737 2542 Haeo
755 2477 839 2543 enirn
859 2479 1084 2548 animadversio

102 2595 195 2686 hujus
222 2595 284 2661 loci
311 2617 376 2661 esse
403 2595 536 2662 ridetur.
593 2596 740 2664 Attamen
765 2620 892 2689 operam
920 2599 1003 2669 dabo
1015 2652 1025 2684 ,
1048 2616 1084 2670 ut

101 2716 142 2784 de
158 2715 335 2787 Wicltffiris
352 2714 489 2784 breviter
500 2730 631 2785 -untum
645 2717 768 2792 dicam.
867 2717 874 2738 '

144 2959 213 3045 Quo
250 2971 392 3048 tempore
418 2957 579 3028 Wioliffus
606 2956 646 3027 ab
674 2961 885 3030 Universitate
911 2963 1081 3033 Oroniansi

99 3079 274 3160 exsulabat,
302 3080 420 3169 placita
448 3081 515 3168 ejus
538 3093 571 3145 ct
597 3081 789 3146 reformandi
817 3082 918 3148 studia
935 3106 1080 3174 magnam

93 3203 162 3290 jam
180 3212 377 3266 exseruerant
395 3199 459 3265 rim
479 3198 512 3265 in
526 3218 633 3277 omnes
648 3198 812 3269 homiuum
828 3203 947 3274 classes.
973 3206 1082 3298 Scrip-

98 3321 139 3387 sit
152 3321 210 3387 snb
225 3343 341 3387 annum
361 3325 446 3388 1382
463 3314 690 3412 Knygbtonns,
710 3322 797 3390 testis
813 3314 971 3397 oculatus:
999 3327 1079 3397 Ore·

100 3442 148 3504 vr‘t
172 3445 314 3530 poprdus
344 3442 547 3509 credentium
577 3445 613 3507 ira
642 3445 712 3510 iatri
735 3443 905 3527 doctrinm,
930 3457 962 3513 et
980 3457 1081 3539 quasi

70 3540 74 3546 ’
97 3563 325 3652 germinantes
343 3567 564 3657 mutiplicasti
577 3555 660 3630 catut
673 3561 775 3631 trimis
786 3606 804 3648 ,‹
815 3573 848 3633 et
865 3573 1082 3661 ampleoerunt

130 3812 140 3846 ¹
165 3810 234 3859 Haec
253 3808 360 3874 epistola
375 3827 407 3860 ex
422 3813 473 3864 IS.
490 3813 566 3876 Angl.
583 3815 608 3863 in
625 3813 690 3866 Bibl.
708 3814 783 3863 bont.
795 3815 864 3866 edita
880 3821 948 3867 oeta
965 3819 1081 3883 tentato,
1138 3834 1139 3839 ’

162 3911 188 3959 p.
215 3893 267 3943 283
290 3908 368 3956 sqq.,
389 3910 404 3944 a
422 3897 578 3961 Vaughano,
598 3900 654 3949 Vol.
667 3901 712 3954 il.
734 3901 800 3966 App.
820 3903 863 3952 ΝΟ.
882 3903 971 3964 vlit,
992 3906 1018 3953 in
1039 3924 1082 3972 op.

168 3979 298 4046 Writinqs
322 3981 357 4046 of
376 3981 448 4032 lota
474 3983 606 4051 Wioirds‘ff‚
635 3990 677 4034 etc
702 4002 736 4049 pr
754 3985 798 4037 48.
843 3987 934 4037 Eadem
958 3991 1082 4056 epistola,

165 4066 254 4116 Latine
274 4065 438 4132 conscripta,
459 4071 542 4118 exstat
562 4069 592 4118 irr'
609 4061 792 4140 opere-Foxii,
812 4087 839 4136 p.
859 4071 900 4120 le.
