<?xml version="1.0" encoding="UTF-8"?>
<!DOCTYPE html PUBLIC "-//W3C//DTD XHTML 1.0 Transitional//EN"
    "http://www.w3.org/TR/xhtml1/DTD/xhtml1-transitional.dtd">
<html xmlns="http://www.w3.org/1999/xhtml" xml:lang="en" lang="en">
 <head>
  <title>
</title>
<meta http-equiv="Content-Type" content="text/html;charset=utf-8" />
  <meta name='ocr-system' content='tesseract 3.04.00' />
  <meta name='ocr-capabilities' content='ocr_page ocr_carea ocr_par ocr_line ocrx_word'/>
</head>
<body>
  <div class='ocr_page' id='page_1' title='image "./diatribeinjohan00unkngoog_0268.png"; bbox 0 0 2586 4718; ppageno 0'>
   <div class='ocr_carea' id='block_1_1' title="bbox 569 359 631 420">
    <p class='ocr_par' dir='ltr' id='par_1_1' title="bbox 569 359 631 420">
     <span class='ocr_line' id='line_1_1' title="bbox 569 359 631 420; baseline 0.032 -2"><span class='ocrx_word' id='word_1_1' title='bbox 569 359 631 420; x_wconf 81' lang='lat'><strong>247</strong></span> 
     </span>
    </p>
   </div>
   <div class='ocr_carea' id='block_1_2' title="bbox 7 565 1087 1871">
    <p class='ocr_par' dir='ltr' id='par_1_2' title="bbox 7 565 1087 1871">
     <span class='ocr_line' id='line_1_2' title="bbox 24 565 1086 659; baseline -0.01 -18"><span class='ocrx_word' id='word_1_2' title='bbox 24 646 28 655; x_wconf 19' lang='grc' dir='ltr'><strong>Δ</strong></span> <span class='ocrx_word' id='word_1_3' title='bbox 104 575 228 640; x_wconf 88' lang='lat' dir='ltr'><strong>concilii</strong></span> <span class='ocrx_word' id='word_1_4' title='bbox 245 569 486 638; x_wconf 70' lang='lat' dir='ltr'><strong>constantiensis</strong></span> <span class='ocrx_word' id='word_1_5' title='bbox 504 567 538 657; x_wconf 80' lang='lat'><strong>(4</strong></span> <span class='ocrx_word' id='word_1_6' title='bbox 554 568 629 659; x_wconf 88' lang='lat' dir='ltr'><strong>lllaji</strong></span> <span class='ocrx_word' id='word_1_7' title='bbox 642 567 741 656; x_wconf 85' lang='lat'><strong>1415)</strong></span> <span class='ocrx_word' id='word_1_8' title='bbox 761 589 823 633; x_wconf 90' lang='lat' dir='ltr'><strong>non</strong></span> <span class='ocrx_word' id='word_1_9' title='bbox 836 565 1086 633; x_wconf 86' lang='lat' dir='ltr'><strong>tantumJohan·</strong></span> 
     </span>
     <span class='ocr_line' id='line_1_3' title="bbox 101 686 1085 776; baseline -0.006 -18"><span class='ocrx_word' id='word_1_10' title='bbox 101 716 174 759; x_wconf 90' lang='lat' dir='ltr'><strong>nem</strong></span> <span class='ocrx_word' id='word_1_11' title='bbox 193 693 370 761; x_wconf 89' lang='lat' dir='ltr'><strong>Wieliffum</strong></span> <span class='ocrx_word' id='word_1_12' title='bbox 391 690 559 757; x_wconf 83' lang='lat' dir='ltr'><strong>solenniter</strong></span> <span class='ocrx_word' id='word_1_13' title='bbox 578 687 772 755; x_wconf 88' lang='lat' dir='ltr'><strong>haereticum</strong></span> <span class='ocrx_word' id='word_1_14' title='bbox 791 686 989 756; x_wconf 80' lang='lat' dir='ltr'><strong>declararunt</strong></span> <span class='ocrx_word' id='word_1_15' title='bbox 1004 689 1085 776; x_wconf 89' lang='lat' dir='ltr'><strong>ejus-</strong></span> 
     </span>
     <span class='ocr_line' id='line_1_4' title="bbox 100 807 1084 906; baseline -0.009 -24"><span class='ocrx_word' id='word_1_16' title='bbox 100 838 161 906; x_wconf 87' lang='lat' dir='ltr'><strong>que</strong></span> <span class='ocrx_word' id='word_1_17' title='bbox 194 813 367 879; x_wconf 85' lang='lat' dir='ltr'><strong>doctrinam</strong></span> <span class='ocrx_word' id='word_1_18' title='bbox 401 809 671 890; x_wconf 89' lang='lat' dir='ltr'><strong>eondemnarunt,</strong></span> <span class='ocrx_word' id='word_1_19' title='bbox 700 831 808 875; x_wconf 82' lang='lat' dir='ltr'><strong>verum</strong></span> <span class='ocrx_word' id='word_1_20' title='bbox 838 829 949 874; x_wconf 82' lang='lat' dir='ltr'><strong>vesano</strong></span> <span class='ocrx_word' id='word_1_21' title='bbox 979 807 1084 874; x_wconf 88' lang='lat' dir='ltr'><strong>iurore</strong></span> 
     </span>
     <span class='ocr_line' id='line_1_5' title="bbox 100 930 1083 1019; baseline -0.008 -18"><span class='ocrx_word' id='word_1_22' title='bbox 100 935 179 1001; x_wconf 82' lang='lat' dir='ltr'><strong>odeo</strong></span> <span class='ocrx_word' id='word_1_23' title='bbox 200 936 296 1001; x_wconf 89' lang='lat' dir='ltr'><strong>etiam</strong></span> <span class='ocrx_word' id='word_1_24' title='bbox 316 932 474 999; x_wconf 88' lang='lat' dir='ltr'><strong>dementes</strong></span> <span class='ocrx_word' id='word_1_25' title='bbox 494 930 569 997; x_wconf 88' lang='lat' dir='ltr'><strong>facti</strong></span> <span class='ocrx_word' id='word_1_26' title='bbox 588 943 676 1012; x_wconf 88' lang='lat' dir='ltr'><strong>sunt,</strong></span> <span class='ocrx_word' id='word_1_27' title='bbox 695 944 729 997; x_wconf 87' lang='lat' dir='ltr'><strong>ut</strong></span> <span class='ocrx_word' id='word_1_28' title='bbox 742 932 908 1019; x_wconf 88' lang='lat' dir='ltr'><strong>juberent,</strong></span> <span class='ocrx_word' id='word_1_29' title='bbox 934 950 1083 1019; x_wconf 74' lang='lat' dir='ltr'><strong>»corpus</strong></span> 
     </span>
     <span class='ocr_line' id='line_1_6' title="bbox 101 1052 1086 1148; baseline -0.007 -26"><span class='ocrx_word' id='word_1_30' title='bbox 101 1057 172 1146; x_wconf 82' lang='lat' dir='ltr'><strong>ejus</strong></span> <span class='ocrx_word' id='word_1_31' title='bbox 192 1065 223 1122; x_wconf 81' lang='lat' dir='ltr'><strong>et</strong></span> <span class='ocrx_word' id='word_1_32' title='bbox 242 1079 335 1148; x_wconf 83' lang='lat' dir='ltr'><strong>ossa,</strong></span> <span class='ocrx_word' id='word_1_33' title='bbox 355 1058 389 1120; x_wconf 81' lang='lat' dir='ltr'><strong>si</strong></span> <span class='ocrx_word' id='word_1_34' title='bbox 406 1055 447 1119; x_wconf 82' lang='lat' dir='ltr'><strong>ab</strong></span> <span class='ocrx_word' id='word_1_35' title='bbox 462 1055 544 1119; x_wconf 82' lang='lat' dir='ltr'><strong>aliis</strong></span> <span class='ocrx_word' id='word_1_36' title='bbox 551 1052 707 1140; x_wconf 82' lang='lat' dir='ltr'><strong>fidelium</strong></span> <span class='ocrx_word' id='word_1_37' title='bbox 726 1054 920 1144; x_wconf 79' lang='lat' dir='ltr'><strong>corporibus</strong></span> <span class='ocrx_word' id='word_1_38' title='bbox 935 1052 1086 1116; x_wconf 78' lang='lat' dir='ltr'><strong>discerni</strong></span> 
     </span>
     <span class='ocr_line' id='line_1_7' title="bbox 91 1175 1081 1267; baseline -0.003 -26"><span class='ocrx_word' id='word_1_39' title='bbox 91 1186 249 1267; x_wconf 81' lang='lat' dir='ltr'><strong>possent,</strong></span> <span class='ocrx_word' id='word_1_40' title='bbox 280 1176 478 1256; x_wconf 77' lang='lat' dir='ltr'><strong>exhumari,</strong></span> <span class='ocrx_word' id='word_1_41' title='bbox 505 1183 537 1240; x_wconf 79' lang='lat' dir='ltr'><strong>et</strong></span> <span class='ocrx_word' id='word_1_42' title='bbox 552 1176 680 1266; x_wconf 82' lang='lat' dir='ltr'><strong>procul</strong></span> <span class='ocrx_word' id='word_1_43' title='bbox 701 1176 742 1240; x_wconf 79' lang='lat' dir='ltr'><strong>ab</strong></span> <span class='ocrx_word' id='word_1_44' title='bbox 761 1175 1012 1242; x_wconf 56' lang='lat' dir='ltr'><strong>Ecclesiastico?</strong></span> <span class='ocrx_word' id='word_1_45' title='bbox 1026 1197 1081 1238; x_wconf 89' lang='lat' dir='ltr'><strong>se·</strong></span> 
     </span>
     <span class='ocr_line' id='line_1_8' title="bbox 85 1297 1085 1388; baseline -0.002 -26"><span class='ocrx_word' id='word_1_46' title='bbox 85 1318 86 1321; x_wconf 71' lang='grc'>’</span> <span class='ocrx_word' id='word_1_47' title='bbox 96 1300 243 1388; x_wconf 74' lang='lat' dir='ltr'><strong>pultnrd</strong></span> <span class='ocrx_word' id='word_1_48' title='bbox 264 1299 403 1386; x_wconf 82' lang='lat' dir='ltr'><strong>jactari</strong></span> <span class='ocrx_word' id='word_1_49' title='bbox 434 1297 608 1367; x_wconf 69' lang='lat' dir='ltr'><strong>ronedum</strong></span> <span class='ocrx_word' id='word_1_50' title='bbox 641 1299 819 1362; x_wconf 64' lang='lat' dir='ltr'><strong>nortmannos</strong></span> <span class='ocrx_word' id='word_1_51' title='bbox 852 1305 884 1360; x_wconf 84' lang='lat' dir='ltr'><strong>et</strong></span> <span class='ocrx_word' id='word_1_52' title='bbox 913 1297 1085 1387; x_wconf 81' lang='lat' dir='ltr'><strong>legitimas</strong></span> 
     </span>
     <span class='ocr_line' id='line_1_9' title="bbox 102 1415 1086 1504; baseline 0.002 -24"><span class='ocrx_word' id='word_1_53' title='bbox 102 1421 309 1483; x_wconf 81' lang='lat' dir='ltr'><strong>saneta&#39;ones”</strong></span> <span class='ocrx_word' id='word_1_54' title='bbox 323 1426 350 1486; x_wconf 85' lang='lat'><strong>1.</strong></span> <span class='ocrx_word' id='word_1_55' title='bbox 398 1417 489 1504; x_wconf 81' lang='lat' dir='ltr'><strong>Quod</strong></span> <span class='ocrx_word' id='word_1_56' title='bbox 507 1432 614 1484; x_wconf 88' lang='lat' dir='ltr'><strong>tamen</strong></span> <span class='ocrx_word' id='word_1_57' title='bbox 634 1417 841 1498; x_wconf 90' lang='lat' dir='ltr'><strong>mandatum,</strong></span> <span class='ocrx_word' id='word_1_58' title='bbox 861 1416 1013 1484; x_wconf 86' lang='lat' dir='ltr'><strong>tredecim</strong></span> <span class='ocrx_word' id='word_1_59' title='bbox 1031 1415 1086 1482; x_wconf 88' lang='lat' dir='ltr'><strong>de·</strong></span> 
     </span>
     <span class='ocr_line' id='line_1_10' title="bbox 7 1536 1086 1628; baseline 0.001 -24"><span class='ocrx_word' id='word_1_60' title='bbox 7 1598 9 1604; x_wconf 74' lang='grc'>,</span> <span class='ocrx_word' id='word_1_61' title='bbox 102 1559 190 1603; x_wconf 90' lang='lat' dir='ltr'><strong>mum</strong></span> <span class='ocrx_word' id='word_1_62' title='bbox 199 1540 287 1604; x_wconf 86' lang='lat' dir='ltr'><strong>annis</strong></span> <span class='ocrx_word' id='word_1_63' title='bbox 296 1551 366 1628; x_wconf 91' lang='lat' dir='ltr'><strong>post</strong></span> <span class='ocrx_word' id='word_1_64' title='bbox 374 1588 384 1619; x_wconf 90' lang='lat'>,</span> <span class='ocrx_word' id='word_1_65' title='bbox 390 1541 478 1627; x_wconf 88' lang='lat' dir='ltr'><strong>jussu</strong></span> <span class='ocrx_word' id='word_1_66' title='bbox 489 1540 617 1607; x_wconf 86' lang='lat' dir='ltr'><strong>Martini</strong></span> <span class='ocrx_word' id='word_1_67' title='bbox 628 1540 669 1620; x_wconf 86' lang='lat' dir='ltr'><strong>V,</strong></span> <span class='ocrx_word' id='word_1_68' title='bbox 682 1552 841 1606; x_wconf 77' lang='lat' dir='ltr'><strong>exsecutus</strong></span> <span class='ocrx_word' id='word_1_69' title='bbox 853 1553 899 1605; x_wconf 86' lang='lat' dir='ltr'><strong>est</strong></span> <span class='ocrx_word' id='word_1_70' title='bbox 909 1536 1086 1606; x_wconf 85' lang='lat' dir='ltr'><strong>Richardus</strong></span> 
     </span>
     <span class='ocr_line' id='line_1_11' title="bbox 95 1657 1086 1751; baseline 0.004 -29"><span class='ocrx_word' id='word_1_71' title='bbox 95 1657 312 1747; x_wconf 53' lang='lat' dir='ltr'><strong>‘Flemingiuq</strong></span> <span class='ocrx_word' id='word_1_72' title='bbox 331 1657 391 1725; x_wconf 88' lang='lat' dir='ltr'><strong>hoc</strong></span> <span class='ocrx_word' id='word_1_73' title='bbox 406 1673 548 1750; x_wconf 86' lang='lat' dir='ltr'><strong>tempore</strong></span> <span class='ocrx_word' id='word_1_74' title='bbox 563 1660 735 1751; x_wconf 84' lang='lat' dir='ltr'><strong>Episcopus</strong></span> <span class='ocrx_word' id='word_1_75' title='bbox 751 1660 992 1729; x_wconf 86' lang='lat' dir='ltr'><strong>Lineolniensis:</strong></span> <span class='ocrx_word' id='word_1_76' title='bbox 1012 1673 1086 1726; x_wconf 90' lang='lat' dir='ltr'><strong>tunc</strong></span> 
     </span>
     <span class='ocr_line' id='line_1_12' title="bbox 102 1759 1087 1871; baseline 0 -26"><span class='ocrx_word' id='word_1_77' title='bbox 102 1778 237 1845; x_wconf 88' lang='lat' dir='ltr'><strong>Wicliffi</strong></span> <span class='ocrx_word' id='word_1_78' title='bbox 251 1759 350 1860; x_wconf 80' lang='lat' dir='ltr'><strong>ossa,</strong></span> <span class='ocrx_word' id='word_1_79' title='bbox 375 1803 454 1870; x_wconf 90' lang='lat' dir='ltr'><strong>quae</strong></span> <span class='ocrx_word' id='word_1_80' title='bbox 478 1804 535 1871; x_wconf 91' lang='lat' dir='ltr'><strong>per</strong></span> <span class='ocrx_word' id='word_1_81' title='bbox 560 1782 719 1848; x_wconf 88' lang='lat' dir='ltr'><strong>saeculum</strong></span> <span class='ocrx_word' id='word_1_82' title='bbox 740 1782 865 1847; x_wconf 88' lang='lat' dir='ltr'><strong>circiter</strong></span> <span class='ocrx_word' id='word_1_83' title='bbox 886 1780 1087 1846; x_wconf 83' lang='lat' dir='ltr'><strong>dimidiatum</strong></span> 
     </span>
    </p>
   </div>
   <div class='ocr_carea' id='block_1_3' title="bbox 103 1901 1088 2109">
    <p class='ocr_par' dir='ltr' id='par_1_3' title="bbox 103 1901 1088 2109">
     <span class='ocr_line' id='line_1_13' title="bbox 104 1901 1088 1992; baseline 0 -27"><span class='ocrx_word' id='word_1_84' title='bbox 104 1901 135 1965; x_wconf 91' lang='lat' dir='ltr'><strong>in</strong></span> <span class='ocrx_word' id='word_1_85' title='bbox 153 1922 230 1990; x_wconf 88' lang='lat' dir='ltr'><strong>pace</strong></span> <span class='ocrx_word' id='word_1_86' title='bbox 244 1901 463 1992; x_wconf 77' lang='lat' dir='ltr'><strong>requieverant</strong></span> <span class='ocrx_word' id='word_1_87' title='bbox 482 1902 515 1967; x_wconf 92' lang='lat' dir='ltr'><strong>in</strong></span> <span class='ocrx_word' id='word_1_88' title='bbox 535 1902 631 1969; x_wconf 90' lang='lat' dir='ltr'><strong>choro</strong></span> <span class='ocrx_word' id='word_1_89' title='bbox 651 1903 823 1982; x_wconf 79' lang='lat' dir='ltr'><strong>Ecclesiae,</strong></span> <span class='ocrx_word' id='word_1_90' title='bbox 841 1903 952 1968; x_wconf 89' lang='lat' dir='ltr'><strong>beatae</strong></span> <span class='ocrx_word' id='word_1_91' title='bbox 970 1901 1088 1968; x_wconf 88' lang='lat' dir='ltr'><strong>Mariae</strong></span> 
     </span>
     <span class='ocr_line' id='line_1_14' title="bbox 103 2019 1088 2109; baseline 0 -23"><span class='ocrx_word' id='word_1_92' title='bbox 103 2019 271 2103; x_wconf 77' lang='lat' dir='ltr'><strong>dicatae2,</strong></span> <span class='ocrx_word' id='word_1_93' title='bbox 295 2020 469 2088; x_wconf 85' lang='lat' dir='ltr'><strong>effoderunt</strong></span> <span class='ocrx_word' id='word_1_94' title='bbox 495 2034 527 2086; x_wconf 90' lang='lat' dir='ltr'><strong>et</strong></span> <span class='ocrx_word' id='word_1_95' title='bbox 557 2023 814 2100; x_wconf 87' lang='lat' dir='ltr'><strong>combusserunt,</strong></span> <span class='ocrx_word' id='word_1_96' title='bbox 845 2022 1028 2109; x_wconf 81' lang='lat' dir='ltr'><strong>cineresque</strong></span> <span class='ocrx_word' id='word_1_97' title='bbox 1056 2019 1088 2086; x_wconf 92' lang='lat' dir='ltr'><strong>in</strong></span> 
     </span>
    </p>
   </div>
   <div class='ocr_carea' id='block_1_4' title="bbox 102 2140 1145 2231">
    <p class='ocr_par' dir='ltr' id='par_1_4' title="bbox 102 2140 1145 2231">
     <span class='ocr_line' id='line_1_15' title="bbox 102 2140 1145 2231; baseline 0 -23"><span class='ocrx_word' id='word_1_98' title='bbox 102 2166 246 2223; x_wconf 89' lang='lat' dir='ltr'><strong>amnem,</strong></span> <span class='ocrx_word' id='word_1_99' title='bbox 266 2143 507 2208; x_wconf 84' lang='lat' dir='ltr'><strong>Luterorortum</strong></span> <span class='ocrx_word' id='word_1_100' title='bbox 525 2140 826 2230; x_wconf 86' lang='lat' dir='ltr'><strong>praeterlabentem,</strong></span> <span class='ocrx_word' id='word_1_101' title='bbox 844 2141 1039 2231; x_wconf 87' lang='lat' dir='ltr'><strong>abjecerunt.</strong></span> <span class='ocrx_word' id='word_1_102' title='bbox 1142 2207 1145 2214; x_wconf 87' lang='grc'><strong>,</strong></span> 
     </span>
    </p>
   </div>
   <div class='ocr_carea' id='block_1_5' title="bbox 119 2387 1170 3471">
    <p class='ocr_par' dir='ltr' id='par_1_5' title="bbox 132 2387 1170 2632">
     <span class='ocr_line' id='line_1_16' title="bbox 132 2387 1092 2467; baseline 0 -16"><span class='ocrx_word' id='word_1_103' title='bbox 132 2405 143 2440; x_wconf 88' lang='lat'>¹</span> <span class='ocrx_word' id='word_1_104' title='bbox 168 2401 227 2453; x_wconf 84' lang='lat' dir='ltr'><strong>vid.</strong></span> <span class='ocrx_word' id='word_1_105' title='bbox 247 2416 298 2450; x_wconf 84' lang='lat' dir='ltr'><strong>von</strong></span> <span class='ocrx_word' id='word_1_106' title='bbox 316 2400 363 2450; x_wconf 88' lang='lat' dir='ltr'><strong>der</strong></span> <span class='ocrx_word' id='word_1_107' title='bbox 382 2400 480 2461; x_wconf 76' lang='lat' dir='ltr'><strong>flandi,</strong></span> <span class='ocrx_word' id='word_1_108' title='bbox 502 2399 582 2450; x_wconf 77' lang='lat' dir='ltr'><strong>Gono-</strong></span> <span class='ocrx_word' id='word_1_109' title='bbox 603 2399 703 2452; x_wconf 66' lang='lat' dir='ltr'><strong>Consta·</strong></span> <span class='ocrx_word' id='word_1_110' title='bbox 717 2387 788 2452; x_wconf 84' lang='lat' dir='ltr'><strong>Tom.</strong></span> <span class='ocrx_word' id='word_1_111' title='bbox 804 2401 850 2452; x_wconf 89' lang='lat' dir='ltr'><strong>lv.</strong></span> <span class='ocrx_word' id='word_1_112' title='bbox 869 2418 895 2467; x_wconf 85' lang='lat' dir='ltr'><strong>p.</strong></span> <span class='ocrx_word' id='word_1_113' title='bbox 913 2401 964 2451; x_wconf 88' lang='grc'><strong>150</strong></span> <span class='ocrx_word' id='word_1_114' title='bbox 982 2417 1041 2464; x_wconf 79' lang='lat' dir='ltr'><strong>eqq.</strong></span> <span class='ocrx_word' id='word_1_115' title='bbox 1061 2428 1092 2438; x_wconf 93' lang='lat'>—</span> 
     </span>
     <span class='ocr_line' id='line_1_17' title="bbox 167 2485 1170 2553; baseline -0.002 -17"><span class='ocrx_word' id='word_1_116' title='bbox 167 2486 240 2536; x_wconf 74' lang='lat' dir='ltr'><strong>litat.</strong></span> <span class='ocrx_word' id='word_1_117' title='bbox 258 2487 296 2536; x_wconf 72' lang='lat' dir='ltr'><strong>clu</strong></span> <span class='ocrx_word' id='word_1_118' title='bbox 315 2485 394 2536; x_wconf 84' lang='lat' dir='ltr'><strong>Cone.</strong></span> <span class='ocrx_word' id='word_1_119' title='bbox 412 2488 445 2535; x_wconf 80' lang='lat' dir='ltr'><strong>de</strong></span> <span class='ocrx_word' id='word_1_120' title='bbox 463 2485 554 2538; x_wconf 78' lang='lat' dir='ltr'><strong>Gonst.</strong></span> <span class='ocrx_word' id='word_1_121' title='bbox 571 2502 627 2552; x_wconf 81' lang='lat' dir='ltr'><strong>per</strong></span> <span class='ocrx_word' id='word_1_122' title='bbox 653 2488 749 2551; x_wconf 80' lang='lat' dir='ltr'><strong>Jaquos</strong></span> <span class='ocrx_word' id='word_1_123' title='bbox 776 2488 896 2540; x_wconf 76' lang='lat' dir='ltr'><strong>tentant.</strong></span> <span class='ocrx_word' id='word_1_124' title='bbox 934 2488 1004 2538; x_wconf 86' lang='lat' dir='ltr'><strong>Tom.</strong></span> <span class='ocrx_word' id='word_1_125' title='bbox 1024 2487 1047 2538; x_wconf 92' lang='lat'><strong>1.</strong></span> <span class='ocrx_word' id='word_1_126' title='bbox 1065 2505 1092 2553; x_wconf 87' lang='lat' dir='ltr'><strong>p.</strong></span> <span class='ocrx_word' id='word_1_127' title='bbox 1166 2517 1170 2522; x_wconf 65' lang='lat'><strong><em>‹</em></strong></span> 
     </span>
     <span class='ocr_line' id='line_1_18' title="bbox 167 2565 826 2632; baseline 0.005 -13"><span class='ocrx_word' id='word_1_128' title='bbox 167 2572 219 2619; x_wconf 80' lang='lat'><strong>209</strong></span> <span class='ocrx_word' id='word_1_129' title='bbox 237 2585 296 2632; x_wconf 84' lang='lat' dir='ltr'><strong>sqq.</strong></span> <span class='ocrx_word' id='word_1_130' title='bbox 503 2615 506 2621; x_wconf 86' lang='lat'>.</span> <span class='ocrx_word' id='word_1_131' title='bbox 545 2565 547 2572; x_wconf 77' lang='lat'>&#39;</span> <span class='ocrx_word' id='word_1_132' title='bbox 822 2621 826 2632; x_wconf 83' lang='grc'><strong>,</strong></span> 
     </span>
    </p>

    <p class='ocr_par' dir='ltr' id='par_1_6' title="bbox 130 2652 1092 2978">
     <span class='ocr_line' id='line_1_19' title="bbox 130 2652 1092 2718; baseline 0.004 -15"><span class='ocrx_word' id='word_1_133' title='bbox 130 2656 141 2690; x_wconf 82' lang='lat'>²</span> <span class='ocrx_word' id='word_1_134' title='bbox 167 2652 227 2704; x_wconf 81' lang='lat' dir='ltr'><strong>vid.</strong></span> <span class='ocrx_word' id='word_1_135' title='bbox 252 2652 342 2703; x_wconf 75' lang='lat' dir='ltr'><strong>lewis.</strong></span> <span class='ocrx_word' id='word_1_136' title='bbox 370 2670 398 2718; x_wconf 87' lang='lat' dir='ltr'><strong>p.</strong></span> <span class='ocrx_word' id='word_1_137' title='bbox 425 2652 484 2704; x_wconf 88' lang='lat'>110.</span> <span class='ocrx_word' id='word_1_138' title='bbox 504 2679 536 2690; x_wconf 97' lang='lat'><em>-</em></span> <span class='ocrx_word' id='word_1_139' title='bbox 555 2654 688 2718; x_wconf 81' lang='lat' dir='ltr'><strong>Raynald,</strong></span> <span class='ocrx_word' id='word_1_140' title='bbox 709 2671 769 2705; x_wconf 82' lang='lat' dir='ltr'><strong>ann.</strong></span> <span class='ocrx_word' id='word_1_141' title='bbox 791 2653 928 2706; x_wconf 65' lang='lat'><strong>1422110.</strong></span> <span class='ocrx_word' id='word_1_142' title='bbox 949 2655 990 2704; x_wconf 83' lang='lat'><strong>14.</strong></span> <span class='ocrx_word' id='word_1_143' title='bbox 1010 2683 1040 2694; x_wconf 88' lang='lat'>-</span> <span class='ocrx_word' id='word_1_144' title='bbox 1061 2659 1092 2707; x_wconf 90' lang='lat' dir='ltr'><strong>ln</strong></span> 
     </span>
     <span class='ocr_line' id='line_1_20' title="bbox 164 2737 1091 2806; baseline 0.008 -20"><span class='ocrx_word' id='word_1_145' title='bbox 164 2737 214 2786; x_wconf 85' lang='lat' dir='ltr'><strong>hac</strong></span> <span class='ocrx_word' id='word_1_146' title='bbox 242 2737 330 2798; x_wconf 79' lang='lat' dir='ltr'><strong>Aede,</strong></span> <span class='ocrx_word' id='word_1_147' title='bbox 349 2753 422 2801; x_wconf 15' lang='lat' dir='ltr'><strong>*quae</strong></span> <span class='ocrx_word' id='word_1_148' title='bbox 449 2743 590 2789; x_wconf 71' lang='lat' dir='ltr'><strong>restaurate</strong></span> <span class='ocrx_word' id='word_1_149' title='bbox 609 2741 756 2790; x_wconf 76' lang='lat' dir='ltr'><strong>etiamnunc</strong></span> <span class='ocrx_word' id='word_1_150' title='bbox 774 2740 933 2806; x_wconf 84' lang='lat' dir='ltr'><strong>praeclarum</strong></span> <span class='ocrx_word' id='word_1_151' title='bbox 948 2741 1017 2791; x_wconf 82' lang='lat' dir='ltr'><strong>illius</strong></span> <span class='ocrx_word' id='word_1_152' title='bbox 1035 2744 1091 2792; x_wconf 79' lang='lat' dir='ltr'><strong>aevi</strong></span> 
     </span>
     <span class='ocr_line' id='line_1_21' title="bbox 163 2821 1092 2890; baseline 0.008 -20"><span class='ocrx_word' id='word_1_153' title='bbox 163 2825 356 2871; x_wconf 87' lang='lat' dir='ltr'><strong>monumentum</strong></span> <span class='ocrx_word' id='word_1_154' title='bbox 381 2825 440 2882; x_wconf 84' lang='lat' dir='ltr'><strong>est,</strong></span> <span class='ocrx_word' id='word_1_155' title='bbox 461 2823 619 2888; x_wconf 83' lang='lat' dir='ltr'><strong>conspicitur</strong></span> <span class='ocrx_word' id='word_1_156' title='bbox 631 2825 724 2890; x_wconf 80' lang='lat' dir='ltr'><strong>pulcra</strong></span> <span class='ocrx_word' id='word_1_157' title='bbox 742 2822 848 2874; x_wconf 81' lang='lat' dir='ltr'><strong>Wicliffi</strong></span> <span class='ocrx_word' id='word_1_158' title='bbox 865 2821 978 2890; x_wconf 77' lang='lat' dir='ltr'><strong>effigies,</strong></span> <span class='ocrx_word' id='word_1_159' title='bbox 1006 2829 1032 2877; x_wconf 84' lang='lat' dir='ltr'><strong>ei</strong></span> <span class='ocrx_word' id='word_1_160' title='bbox 1049 2829 1092 2876; x_wconf 87' lang='lat' dir='ltr'><strong>in·</strong></span> 
     </span>
     <span class='ocr_line' id='line_1_22' title="bbox 164 2906 1088 2978; baseline 0.008 -22"><span class='ocrx_word' id='word_1_161' title='bbox 164 2922 240 2978; x_wconf 80' lang='lat' dir='ltr'><strong>anper</strong></span> <span class='ocrx_word' id='word_1_162' title='bbox 259 2906 421 2957; x_wconf 75' lang='lat' dir='ltr'><strong>Luterovorti</strong></span> <span class='ocrx_word' id='word_1_163' title='bbox 445 2907 529 2959; x_wconf 74' lang='lat' dir='ltr'><strong>adhuc</strong></span> <span class='ocrx_word' id='word_1_164' title='bbox 556 2913 718 2960; x_wconf 76' lang='lat' dir='ltr'><strong>asserventur</strong></span> <span class='ocrx_word' id='word_1_165' title='bbox 737 2910 883 2977; x_wconf 87' lang='lat' dir='ltr'><strong>pulpitum,</strong></span> <span class='ocrx_word' id='word_1_166' title='bbox 904 2912 931 2959; x_wconf 88' lang='lat' dir='ltr'><strong>in</strong></span> <span class='ocrx_word' id='word_1_167' title='bbox 950 2927 1003 2975; x_wconf 91' lang='lat' dir='ltr'><strong>quo</strong></span> <span class='ocrx_word' id='word_1_168' title='bbox 1023 2929 1088 2963; x_wconf 77' lang='lat' dir='ltr'><strong>oon·</strong></span> 
     </span>
    </p>

    <p class='ocr_par' dir='ltr' id='par_1_7' title="bbox 119 2993 1087 3148">
     <span class='ocr_line' id='line_1_23' title="bbox 119 2993 1087 3068; baseline 0.006 -27"><span class='ocrx_word' id='word_1_169' title='bbox 119 3054 122 3062; x_wconf 23' lang='lat' dir='ltr'><em>r</em></span> <span class='ocrx_word' id='word_1_170' title='bbox 161 2993 259 3042; x_wconf 80' lang='lat' dir='ltr'><strong>cioneri</strong></span> <span class='ocrx_word' id='word_1_171' title='bbox 282 2993 400 3055; x_wconf 79' lang='lat' dir='ltr'><strong>solebat,</strong></span> <span class='ocrx_word' id='word_1_172' title='bbox 428 2998 489 3058; x_wconf 76' lang='lat' dir='ltr'><strong>toga</strong></span> <span class='ocrx_word' id='word_1_173' title='bbox 515 2995 589 3068; x_wconf 74' lang='lat' dir='ltr'><strong>ejus,</strong></span> <span class='ocrx_word' id='word_1_174' title='bbox 619 2997 736 3059; x_wconf 79' lang='lat' dir='ltr'><strong>aliaeque</strong></span> <span class='ocrx_word' id='word_1_175' title='bbox 761 2996 853 3045; x_wconf 84' lang='lat' dir='ltr'><strong>summi</strong></span> <span class='ocrx_word' id='word_1_176' title='bbox 872 2995 942 3044; x_wconf 84' lang='lat' dir='ltr'><strong>illius</strong></span> <span class='ocrx_word' id='word_1_177' title='bbox 959 2998 1008 3045; x_wconf 82' lang='lat' dir='ltr'><strong>viri</strong></span> <span class='ocrx_word' id='word_1_178' title='bbox 1025 2999 1087 3047; x_wconf 85' lang='lat' dir='ltr'><strong>reli-</strong></span> 
     </span>
     <span class='ocr_line' id='line_1_24' title="bbox 161 3076 1087 3148; baseline 0.009 -24"><span class='ocrx_word' id='word_1_179' title='bbox 161 3077 246 3140; x_wconf 89' lang='lat' dir='ltr'><strong>quiae.</strong></span> <span class='ocrx_word' id='word_1_180' title='bbox 273 3076 326 3129; x_wconf 85' lang='lat' dir='ltr'><strong>vid.</strong></span> <span class='ocrx_word' id='word_1_181' title='bbox 347 3078 373 3129; x_wconf 84' lang='lat' dir='ltr'><strong>J.</strong></span> <span class='ocrx_word' id='word_1_182' title='bbox 393 3079 518 3131; x_wconf 81' lang='lat' dir='ltr'><strong>Gorton&#39;s</strong></span> <span class='ocrx_word' id='word_1_183' title='bbox 537 3080 754 3148; x_wconf 76' lang='lat' dir='ltr'><strong>Topoqrnplticol</strong></span> <span class='ocrx_word' id='word_1_184' title='bbox 769 3081 934 3144; x_wconf 65' lang='lat' dir='ltr'><strong>Dietr&#39;onnry</strong></span> <span class='ocrx_word' id='word_1_185' title='bbox 951 3083 985 3146; x_wconf 89' lang='lat' dir='ltr'><strong>of</strong></span> <span class='ocrx_word' id='word_1_186' title='bbox 1003 3082 1087 3133; x_wconf 80' lang='lat' dir='ltr'><strong>Grent</strong></span> 
     </span>
    </p>

    <p class='ocr_par' dir='ltr' id='par_1_8' title="bbox 134 3159 1085 3317">
     <span class='ocr_line' id='line_1_25' title="bbox 134 3159 1085 3220; baseline 0.013 -13"><span class='ocrx_word' id='word_1_187' title='bbox 134 3172 137 3179; x_wconf 90' lang='lat'>·</span> <span class='ocrx_word' id='word_1_188' title='bbox 164 3159 279 3210; x_wconf 81' lang='lat' dir='ltr'><strong>Britain</strong></span> <span class='ocrx_word' id='word_1_189' title='bbox 297 3161 354 3210; x_wconf 78' lang='lat' dir='ltr'><strong>ond</strong></span> <span class='ocrx_word' id='word_1_190' title='bbox 376 3160 498 3212; x_wconf 82' lang='lat' dir='ltr'><strong>Irelnnd.</strong></span> <span class='ocrx_word' id='word_1_191' title='bbox 524 3160 604 3215; x_wconf 70' lang='lat' dir='ltr'><strong>lond.</strong></span> <span class='ocrx_word' id='word_1_192' title='bbox 632 3165 711 3215; x_wconf 79' lang='lat'><strong>1833.</strong></span> <span class='ocrx_word' id='word_1_193' title='bbox 735 3163 762 3211; x_wconf 89' lang='lat' dir='ltr'><strong>in</strong></span> <span class='ocrx_word' id='word_1_194' title='bbox 787 3177 868 3216; x_wconf 75' lang='lat' dir='ltr'><strong>vocer</strong></span> <span class='ocrx_word' id='word_1_195' title='bbox 888 3163 1085 3220; x_wconf 76' lang='lat' dir='ltr'><strong>lutterwortit.</strong></span> 
     </span>
     <span class='ocr_line' id='line_1_26' title="bbox 158 3244 1084 3317; baseline 0.011 -25"><span class='ocrx_word' id='word_1_196' title='bbox 158 3244 193 3293; x_wconf 80' lang='lat' dir='ltr'><strong>ln</strong></span> <span class='ocrx_word' id='word_1_197' title='bbox 217 3245 296 3296; x_wconf 84' lang='lat' dir='ltr'><strong>domu</strong></span> <span class='ocrx_word' id='word_1_198' title='bbox 322 3247 431 3297; x_wconf 84' lang='lat' dir='ltr'><strong>rectoris</strong></span> <span class='ocrx_word' id='word_1_199' title='bbox 456 3247 594 3313; x_wconf 76' lang='lat' dir='ltr'><strong>parochiae</strong></span> <span class='ocrx_word' id='word_1_200' title='bbox 618 3248 741 3312; x_wconf 72' lang='lat' dir='ltr'><strong>Wycliffe</strong></span> <span class='ocrx_word' id='word_1_201' title='bbox 767 3248 845 3297; x_wconf 82' lang='lat' dir='ltr'><strong>etiam</strong></span> <span class='ocrx_word' id='word_1_202' title='bbox 864 3254 1008 3300; x_wconf 69' lang='lat' dir='ltr'><strong>asumuntur</strong></span> <span class='ocrx_word' id='word_1_203' title='bbox 1025 3253 1084 3317; x_wconf 87' lang='lat' dir='ltr'><strong>pul·</strong></span> 
     </span>
    </p>

    <p class='ocr_par' dir='ltr' id='par_1_9' title="bbox 138 3329 1082 3471">
     <span class='ocr_line' id='line_1_27' title="bbox 138 3329 1082 3402; baseline 0.012 -25"><span class='ocrx_word' id='word_1_204' title='bbox 138 3399 140 3402; x_wconf 18' lang='grc' dir='ltr'><strong><em>ι</em></strong></span> <span class='ocrx_word' id='word_1_205' title='bbox 157 3330 266 3399; x_wconf 80' lang='lat' dir='ltr'><strong>cerrima</strong></span> <span class='ocrx_word' id='word_1_206' title='bbox 291 3329 397 3381; x_wconf 87' lang='lat' dir='ltr'><strong>Wioliffi</strong></span> <span class='ocrx_word' id='word_1_207' title='bbox 421 3331 536 3398; x_wconf 75' lang='lat' dir='ltr'><strong>effigies,</strong></span> <span class='ocrx_word' id='word_1_208' title='bbox 566 3348 643 3398; x_wconf 86' lang='lat' dir='ltr'><strong>quam</strong></span> <span class='ocrx_word' id='word_1_209' title='bbox 657 3332 741 3402; x_wconf 84' lang='lat' dir='ltr'><strong>pinxit</strong></span> <span class='ocrx_word' id='word_1_210' title='bbox 757 3332 885 3384; x_wconf 81' lang='lat' dir='ltr'><strong>Antonius</strong></span> <span class='ocrx_word' id='word_1_211' title='bbox 901 3337 1003 3397; x_wconf 74' lang='lat' dir='ltr'><strong>Herus,</strong></span> <span class='ocrx_word' id='word_1_212' title='bbox 1025 3352 1082 3388; x_wconf 78' lang='lat' dir='ltr'><strong>sas·</strong></span> 
     </span>
     <span class='ocr_line' id='line_1_28' title="bbox 159 3411 404 3471; baseline 0.033 -10"><span class='ocrx_word' id='word_1_213' title='bbox 159 3411 219 3463; x_wconf 84' lang='lat' dir='ltr'><strong>culo</strong></span> <span class='ocrx_word' id='word_1_214' title='bbox 234 3413 293 3466; x_wconf 76' lang='lat' dir='ltr'><strong>XVI</strong></span> <span class='ocrx_word' id='word_1_215' title='bbox 310 3415 404 3471; x_wconf 74' lang='lat' dir='ltr'><strong>medlo.</strong></span> 
     </span>
    </p>
   </div>
   <div class='ocr_carea' id='block_1_6' title="bbox 0 0 1304 4718">
    <p class='ocr_par' dir='ltr' id='par_1_10' title="bbox 0 0 1304 4718">
     <span class='ocr_line' id='line_1_29' title="bbox 0 0 1304 4718; baseline 0 0"><span class='ocrx_word' id='word_1_216' title='bbox 0 0 1304 4718; x_wconf 95' lang='lat' dir='ltr'><strong> </strong></span> 
     </span>
    </p>
   </div>
  </div>
 </body>
</html>
