2586 4718
638 233 701 298 104

65 499 69 506 -
186 449 287 539 rogia,
307 467 360 513 rex
377 439 543 510 ‘Eduardns
559 442 628 524 111,
646 466 727 510 anno
741 447 1067 526 1374,cum'alicrnm
1080 455 1183 524 viro:

125 576 127 582 '
188 591 279 648 rum,
310 579 377 634 tum
406 567 591 655 ejus'en'ree
619 563 818 633 demandavit
842 590 966 636 eausam
985 573 1146 661 quandam
1159 623 1175 660 ,

131 747 132 752 ,
188 711 282 780 quam
304 688 351 754 illi
370 699 497 776 agerent
515 694 573 776 ¹pro
590 686 753 775 republiei
770 686 901 776 Angliae
921 690 1064 758 adversus
1083 695 1173 762 Pon-

135 836 137 841 <
187 809 282 876 tificis
312 807 445 878 Romani
466 803 609 889 studium
639 804 832 896 dominandi.
879 809 940 876 Res
966 826 1070 878 autem
1100 831 1174 884 erat

183 929 310 1000 haecce.

230 1051 276 1116 Er
295 1072 358 1139 quo
373 1058 514 1138 tempore
528 1060 667 1115 mortuus
681 1061 747 1115 erat
763 1049 947 1119 Guilielnrus
965 1053 1172 1138 Debelletcr,

97 1225 100 1229 .
185 1172 364 1238 continuam
388 1171 454 1241 fere
473 1169 711 1237 controversiam
731 1168 909 1238 habuerunt
927 1193 1012 1260 reges
1033 1175 1171 1262 Angliae

134 1361 137 1370 Δ
185 1313 257 1359 cum
285 1291 371 1357 curial
397 1291 536 1357 Romani
561 1288 601 1355 de
627 1290 718 1357 certis
736 1290 852 1359 finibus
870 1306 903 1358 et
921 1293 1063 1360 terminis
1082 1306 1169 1363 due·

182 1412 315 1479 toritatis
332 1410 515 1478 Pontifieiae
531 1410 564 1475 in
583 1411 808 1479 reshleclesiae
823 1384 1024 1503 Anglicanae.
1057 1416 1170 1501 Quan-

181 1555 284 1623 quam·
305 1545 377 1598 ante
404 1527 585 1597 Eduardum
617 1530 667 1613 Ill
697 1531 830 1598 subinde
850 1536 917 1622 jam
940 1533 1062 1600 ebriam
1082 1535 1167 1604 itn'm

184 1667 250 1719 erat
276 1651 464 1720 Pontificum
484 1653 700 1740 arrogantiae,
720 1651 820 1719 nihilo
839 1654 937 1720 secius
956 1654 1068 1721 horum
1088 1680 1174 1723 am·-

181 1774 262 1840 bitio
282 1786 313 1839 et
330 1772 458 1838 avaritia
477 1771 509 1836 in
531 1770 595 1838 dics
611 1785 699 1837 erant
713 1783 823 1837 auctae
837 1773 955 1862 magis,
972 1774 1164 1867 tandeinque

180 1918 218 1961 6ο
237 1893 419 1960 insolentiae
439 1905 642 1984 pervenerant
659 1892 782 1960 saeculo
796 1892 892 1974 xlv,
906 1907 940 1959 ut
959 1897 1165 1965 suoarbitrio

179 2015 349 2084 Pontifices
368 2014 588 2081 distribuerent
613 2037 742 2080 munera
763 2026 795 2080 et
815 2014 967 2080 beneficia
987 2016 1162 2084 Ecclesias-
1201 2073 1204 2077 .

180 2138 244 2204 tica
263 2138 296 2202 in
313 2157 408 2224 reguo
427 2136 574 2225 Angliae‚
597 2147 628 2200 et
646 2133 776 2223 quidem
792 2135 977 2225 plerumque
993 2137 1161 2222 extraneis,

180 2257 244 2325 sire
259 2257 373 2338 Gallis,
387 2255 450 2322 sire
464 2255 563 2323 Italis.
598 2252 677 2319 Gunr
692 2254 829 2345 primum
845 2257 928 2322 enim
939 2258 1162 2348 munusqnod·

183 2378 255 2445 dam
272 2390 324 2445 aut
343 2377 530 2443 beneficium
549 2388 693 2454 racarct,
717 2376 802 2467 Papa
820 2376 880 2443 sibi
901 2379 1063 2469 arrogabat
1077 2365 1161 2470 p'ro·

180 2505 354 2579 ursionem,
371 2521 465 2589 quam
484 2509 613 2577 vocant,
628 2495 661 2561 id
676 2509 740 2578 est,
756 2494 930 2565 destinabat
941 2500 1007 2589 jam
1023 2499 1161 2589 aliquem
1200 2483 1205 2489 ⁵

180 2643 217 2688 ex
249 2621 308 2687 suis
328 2619 479 2686 clientelis
497 2615 573 2682 huie
594 2617 710 2682 muniri
733 2617 936 2688 beneficiore.
981 2619 1034 2687 Sic
1054 2634 1160 2688 autem

182 2741 403 2810 detrahebatur
431 2738 471 2804 de
493 2737 708 2829 praerogativi
726 2739 806 2830 regis
827 2738 928 2831 deque
940 2744 1013 2831 jure
1033 2742 1160 2832 eapitu-

179 2867 281 2932 lorum
302 2877 334 2931 et
352 2860 555 2953 patronatus,
578 2871 672 2949 atque
692 2862 847 2942 extranei,
859 2859 975 2952 perditi
990 2859 1074 2927 haud
1089 2885 1160 2929 raro

179 2986 322 3053 homines
333 3034 343 3068 ,
368 2982 550 3048 fruebantur
573 3004 716 3070 magnam
734 2996 855 3075 partem
875 2981 1027 3050 reditibus
1045 2970 1159 3051 Eccle-

91 3124 94 3129 ’
181 3109 243 3174 siae
262 3103 463 3193 Anglicanac.
519 3100 625 3170 clerus
645 3104 770 3194 insuper
793 3104 969 3187 Romanus,
994 3105 1105 3195 opibus
1124 3127 1160 3172 ex

179 3226 292 3316 Anglii
312 3223 446 3289 Romam
464 3223 651 3313 exportatis,
675 3223 853 3305 ditabatur,
873 3237 904 3290 et
916 3225 1016 3312 ipsum
1027 3225 1157 3315 Angliae

177 3368 309 3437 regnum
334 3344 394 3410 suis
414 3342 651 3410 exhauriebatur
671 3343 771 3413 bonis.
809 3341 988 3409 Accedebat
1010 3368 1134 3434 quoque
1145 3395 1156 3426 ,

178 3465 264 3559 quod
276 3513 286 3545 ,
315 3463 423 3530 litibus
447 3463 521 3530 binc
545 3486 636 3555 saepe
657 3463 754 3528 enatis
765 3510 775 3542 ,
800 3461 1001 3528 Hierarehiae
1019 3464 1158 3536 uindices

177 3583 377 3680 appellabant
396 3584 600 3666 Pontificem,
616 3596 647 3649 et
665 3581 750 3671 regia
765 3571 936 3649 tribunalia
951 3583 1098 3652 damnum
1118 3607 1156 3653 6ο

178 3706 402 3776 contrahebant
420 3728 580 3798 magnum.
604 3704 770 3792 Postquam
790 3704 885 3792 igitur
903 3706 1068 3774 Eduardus
1084 3708 1153 3789 lll,

176 3830 278 3899 statim
306 3832 361 3897 ubi
390 3829 478 3920 regni
506 3825 645 3890 habenae
663 3824 725 3913 ipsi
741 3836 829 3890 erant
848 3827 1007 3910 traditae,
1031 3830 1154 3896 fortiter

173 3954 274 4043 Papae
300 3956 367 4043 jam
396 3958 571 4018 occurrerat
601 3943 811 4035 despotismo,
841 3947 893 4016 sed
913 3950 1026 4018 frustra
1048 3948 1152 4018 adhuc
1189 3977 1191 3979 ·
