2586 4718
582 249 623 310 tt

93 458 149 528 bic
175 459 332 549 principes
358 453 487 547 quidam
514 455 593 537 tiri,
621 454 726 523 medii
744 478 848 526 rerum
865 459 976 527 ltaliae
993 484 1071 554 per-

13 599 15 602 ‘
96 580 296 661 turbatione,
312 577 516 660 exstiterunt,
531 577 588 668 qui
608 576 787 646 admirabili
805 577 941 670 qucdmn
962 581 1073 652 ardore

61 774 63 779 ,
95 701 137 770 ad
164 703 326 771 literarum
351 700 551 790 antiquarum
569 699 759 768 studium'se
777 703 991 793 applicarent,
1010 704 1072 774 boc

95 820 236 892 studium
255 820 311 889 suc
329 821 469 911 exemplo
485 821 766 903 commendabant,
781 823 919 914 aliosque
935 827 1075 915 permul·
1195 812 1196 820 ἵ

96 957 165 1025 tcs,
197 941 352 1034 imprimis
378 940 760 1010 nobilissimas-Italorum
784 944 939 1027 familias,
963 946 1074 1015 ecdem

96 1062 307 1139 incendebant
329 1084 447 1135 amore.
465 1080 470 1088 “
489 1062 592 1131 Simul
617 1064 682 1147 illi,
705 1064 841 1156 legentes
859 1061 1022 1149 ret'erum,
1043 1081 1075 1136 et

97 1183 376 1279 philosophorum,
406 1197 438 1252 et
464 1193 648 1275 petitarum,
671 1185 808 1276 scripta,
822 1187 920 1276 primi
938 1187 1076 1278 phileso-

97 1306 191 1400 pbiae
210 1307 358 1396 antiquae
372 1306 591 1375 instauratores
607 1306 706 1376 lucre.
727 1306 815 1375 Unus
829 1307 943 1388 erbis,
957 1309 1077 1378 Dentes

98 1426 311 1518 Aligbicrius,
343 1426 507 1493 Hesiodus
525 1425 675 1508 Italiae,
692 1435 797 1517 pater
808 1437 949 1518 poiseus
966 1451 1077 1496 receer-

98 1550 219 1629 ta'ora‘s,
229 1570 247 1615 a
258 1544 443 1636 Degerando
452 1544 553 1613 dictus
560 1594 570 1626 ,
581 1548 749 1615 exstinctus
755 1550 821 1637 jam
833 1562 898 1616 erat
911 1548 950 1637 (†
963 1549 1077 1639 1³21),

98 1691 198 1760 quum
212 1680 302 1735 natus
317 1680 363 1734 est
376 1666 549 1737 Wiclillus:
563 1665 647 1757 apud
661 1680 849 1735 suostamen
865 1670 972 1760 poesin
982 1683 1013 1738 et
1022 1694 1078 1761 pa·

99 1790 197 1858 trium
211 1809 386 1856 sermonem
398 1787 564 1856 excoluisse
573 1788 626 1856 bic
635 1789 792 1880 potiusest
801 1789 969 1873 dicendus,
986 1808 1079 1881 qnam

99 1909 331 1979 commendasse
344 1910 506 1978 literarum
522 1909 720 2000 antiquarum
731 1909 880 1981 studium.
914 1912 1080 1979 Duumriri

99 2053 173 2099 rero
189 2031 236 2109 illi
243 2077 255 2111 ,
270 2030 325 2120 qui
337 2052 424 2096 suam
437 2030 623 2098 memoriam
633 2030 844 2099 immortalem
854 2031 1058 2100 reddiderunt
1066 2082 1076 2113 ,

90 2151 268 2231 ‚Petrareha
291 2151 543 2240 (teor-1374)
568 2164 599 2218 et
620 2152 789 2221 Boccacius
808 2153 1078 2242 (1313-1375),

102 2274 234 2355 ecdem,
259 2270 508 2364 quodebemus
534 2272 692 2340 Wicliffus
702 2323 714 2354 ,
738 2275 909 2342 floruerunt
928 2288 1080 2365 tempore.

102 2395 211 2462 Prcuti
229 2394 282 2460 ille
301 2394 478 2460 lateranam
495 2370 715 2476 Latinarum,
733 2395 777 2462 ita
796 2383 850 2460 bic
876 2392 1082 2461 Graecarum

103 2514 261 2590 maxime,
280 2512 466 2580 instaurator
485 2496 556 2584 fnit.
596 2514 768 2607 Utriusque
786 2514 879 2607 hujus
898 2528 1082 2607 praeceptor

104 2637 303 2715 Barlaiimus,
326 2631 496 2700 monachus
516 2632 715 2716 Calabricus,
733 2637 838 2703 literas
852 2639 986 2705 Graecas
1001 2660 1083 2705 suru-

104 2779 160 2824 mo
174 2753 284 2821 ardore
299 2756 452 2821 tractabat
460 2803 470 2836 ,
481 2767 511 2822 et
520 2756 671 2827 Leontius
679 2756 796 2823 Pilatus
802 2804 814 2835 ‚
827 2753 960 2823 Calaber
969 2757 1064 2823 ctiam
1072 2805 1082 2837 ,

107 2876 283 2946 l'lcrentiae
298 2874 429 2967 publice
448 2875 622 2944 Homerum
641 2874 915 2966 interpretabatur.
948 2876 1084 2944 loannes

18 2995 21 3001 ’
106 2995 294 3089 blalpighius
321 2996 385 3064 sire
407 2995 454 3065 de
481 2997 648 3078 Ravenna,
680 2993 867 3064 Petrarchae
895 2995 1086 3085 discipulus,

104 3120 225 3187 naviter
252 3141 377 3210 quoque
405 3119 438 3187 iu
468 3118 626 3186 ueteribus
661 3096 840 3186 versabatur
870 3117 1085 3207 scriptoribus.

96 3241 183 3321 ¹Jarn
219 3241 333 3330 scripta
358 3237 537 3323 Ciceronis,
576 3238 722 3330 Virgilii,
749 3237 895 3319 Horatii,
929 3238 1085 3320 Senecae,

108 3361 263 3444 Platonis,
280 3361 380 3443 Livii,
397 3361 608 3449 aliorumque,
628 3357 809 3447 legebantur
827 3355 929 3424 denuc
948 3384 966 3425 a
982 3358 1088 3425 litera·
1156 3411 1159 3419 .

99 3481 188 3574 ‘rtr'ru¹
200 3482 446 3579 amantioribns,
465 3478 589 3546 codices
611 3490 774 3545 auctorum
792 3491 930 3546 veterum
948 3479 1087 3571 nudique
1193 3515 1195 3521 ¹

113 3601 571 3697 conquirebanturinltaliam
581 3647 592 3681 ‚
608 3612 639 3667 et
658 3600 959 3683 transcribebantur:
979 3625 1091 3671 noram

71 3780 76 3787 ,
112 3728 208 3795 veluti
227 3727 323 3795 vitam
346 3722 500 3813 degebant
518 3721 578 3787 riri
595 3722 711 3789 literati
729 3722 904 3815 horumque
923 3725 1090 3792 Maecena-

113 3862 170 3918 tes.
217 3848 256 3915 Iu
280 3827 459 3914 Academiis
469 3891 479 3922 ,
506 3864 588 3937 quae*
609 3843 641 3908 in
660 3843 882 3912 celebrioribus
901 3846 1011 3914 ltaliae
1031 3866 1088 3911 ur-

114 3969 223 4050 bibus,
249 3965 297 4035 rcl
311 3967 377 4054 jam
396 3961 545 4047 aderant,
567 3965 614 4032 rel
635 3964 696 4034 boc
715 3967 836 4037 saectrlc
856 3947 1089 4044 condebantur,
