2586 4718
652 263 693 325 88

190 477 290 544 officia
307 475 417 546 noluit.
427 472 645 540 'contemnens
663 494 735 561 ergo
751 471 852 535 minax
867 471 944 536 iilud
961 472 1172 557 mandatum,

188 621 254 665 rem
275 596 315 662 ad
333 594 572 661 Parliamentum
593 592 767 682 insequenti
786 615 867 658 anno
885 591 1009 663 detulit.
1034 593 1172 663 Solebat

189 721 275 784 euim
293 716 332 783 de
352 716 444 781 rebus
461 714 653 805 gravioribus
672 734 743 779 oum
763 713 970 780 Parliamento
990 717 1175 781 communi'·

189 862 259 906 care
280 850 311 904 et
328 835 522 918 deliberare,
547 848 581 902 nt
600 833 720 900 audiret
739 832 829 921 hujus
848 835 1050 915 sententiam,
1071 848 1174 925 atquc

192 957 345 1024 obtineret
374 954 511 1046 ejusdem
542 955 764 1023 assensionem:
787 977 849 1044 quo
866 955 1003 1038 factum,
1022 968 1074 1037 ut,
1094 979 1175 1049 rege

191 1091 285 1144 nante
313 1099 373 1157 eo,
406 1058 439 1144 ct
465 1075 597 1166 dignitas
626 1076 742 1152 Domus
774 1075 940 1165 superioris
958 1076 1111 1156 creverit,
1136 1093 1174 1162 et

194 1200 309 1273 Domus
330 1198 458 1265 inferior
471 1197 618 1285 majorem
628 1194 883 1266 habueritrim1.
907 1195 1175 1276 Parliementum',

210 1375 301 1384 ...ο-

221 1459 230 1493 ¹
256 1457 338 1520 liujus
353 1451 539 1502 distributionis
555 1449 737 1500 Perliementi
729 1464 757 1496 sn
767 1447 882 1497 nonum
892 1450 1057 1512 superiorem
1067 1448 1176 1524 (Corde)

258 1545 284 1588 et
310 1538 426 1586 Domum
450 1535 611 1599 inferiorem
638 1534 815 1598 (commone),
833 1535 903 1597 origo
920 1533 1057 1599 repetenda
1074 1534 1182 1584 videtur

256 1639 270 1671 n
299 1618 499 1676 convocatione,
528 1633 603 1680 quem
627 1618 689 1667 seuit
716 1617 804 1666 Comes
831 1618 1019 1678 Liceetrieusis,
1040 1619 1126 1683 Simon
1144 1621 1182 1669 de

258 1703 423 1760 Montotorti,
449 1701 514 1764 qui,
537 1717 604 1750 anno
631 1699 714 1761 tter,
733 1706 763 1748 ut
779 1703 989 1752 suumstebiiiret
1005 1718 1126 1764 onerem,
1146 1706 1183 1754 ed

259 1789 472 1846 Perliementum,
501 1790 620 1847 constans
644 1800 675 1835 ex
698 1784 840 1855 Praelatio,
860 1786 1010 1839 Proceribus
1026 1797 1054 1836 et
1072 1789 1182 1854 lingue·

258 1873 327 1922 tihue
346 1871 579 1936 (Archiepisoopie,
598 1869 744 1936 Episcopis,
764 1872 904 1947 Comitibus
918 1877 945 1921 et
959 1871 1113 1938 Beronibus,
1123 1873 1184 1924 Ab·

191 1974 196 1983 ·
258 1957 362 2008 batibus
377 1963 403 2007 et
421 1938 575 2018 Prioribust,
597 1954 720 2004 evocabat
740 1954 815 2004 etiem
833 1955 897 2011 duos
915 1970 946 2005 ex
963 1956 1078 2019 quolibet
1094 1961 1184 2009 comi-

260 2045 318 2090 tutu
335 2041 475 2102 Equites,
481 2038 595 2101 duoque
615 2037 745 2102 delegatos
763 2056 799 2093 ex,
814 2040 930 2102 quilibet
955 2041 1060 2090 civitate
1085 2024 1182 2095 liberi.

260 2123 339 2172 Initio
354 2123 426 2186 regni
442 2121 551 2170 Eduardi
569 2122 626 2182 111,
649 2124 846 2173 Parliamentum
864 2127 963 2190 saepius
981 2127 1007 2174 in
1024 2130 1074 2175 tres
1092 2143 1119 2175 se
1138 2128 1181 2177 di·
1200 2181 1207 2188 ,

258 2206 320 2254 visit
346 2210 448 2270 partes,
475 2219 540 2266 quae
560 2205 673 2274 singulae
690 2209 824 2272 separatim
843 2208 968 2258 derebus
988 2196 1181 2273 deliberarent,

259 2305 318 2340 mox
337 2305 397 2339 vero
416 2289 444 2338 in
463 2304 542 2338 unum
562 2289 647 2340 denuo
661 2306 689 2340 se
708 2294 1004 2356 congregarentstrium
1015 2293 1105 2344 barum
1123 2313 1197 2360 seo-A
1243 2341 1252 2353 ,

261 2377 361 2440 tionum
391 2372 484 2423 ruditis
511 2375 663 2434 sententiis,
693 2376 820 2429 communi
850 2392 951 2426 assensu
981 2384 1062 2427 toturn
1092 2395 1187 2446 corpus

260 2472 408 2525 responsum
424 2456 504 2506 dedit.
531 2459 621 2522 Itaque
638 2461 792 2510 secedebant
808 2461 913 2513 Clerici:
931 2464 1057 2522 Comites,
1076 2465 1189 2514 Berones

261 2547 289 2592 et
306 2544 427 2606 Equites:
450 2560 479 2593 eo
499 2543 567 2593 cives
585 2560 615 2593 ex
634 2545 741 2593 urbibus
759 2550 785 2594 et
801 2545 897 2610 burgis.
935 2546 996 2598 Post
1014 2561 1107 2597 annum
1122 2564 1186 2600 vero

169 2628 172 2633 ”
267 2624 354 2685 1343,
375 2626 482 2674 Senatus
500 2627 526 2675 in
544 2625 606 2676 duae
622 2629 715 2691 partes'
725 2628 845 2678 distribui
862 2632 952 2681 solitus
971 2633 1048 2683 tuisse
1066 2633 1187 2687 videtur:

261 2715 325 2758 tune
355 2711 541 2764 conveniebant
567 2713 594 2760 in
611 2714 717 2760 Domum
735 2713 890 2776 superiorem
911 2715 1037 2776 Comites,
1057 2719 1187 2789 Berones,

264 2799 292 2843 et
308 2795 390 2858 magui
406 2793 534 2857 Praeleti3
552 2796 578 2842 in
590 2796 695 2843 Domum
706 2794 852 2843 inferiorem
863 2827 871 2854 ,
884 2812 913 2844 ex
924 2799 1086 2849 comitatibus
1106 2803 1187 2864 Equi.

264 2888 320 2937 tes,
341 2892 370 2925 ex
393 2877 499 2926 urbibus
527 2882 553 2924 et
571 2876 656 2938 burgis
675 2877 743 2926 cives
762 2880 921 2942 potentiores
939 2887 965 2929 et
981 2881 1092 2936 honesti.
1120 2887 1187 2938 ΙΙιιιι

263 2961 436 3016 Ecclesiastioi
455 2959 582 3008 inferioris
606 2958 718 3017 ordinis,
736 2961 813 3024 paulo
827 2965 887 3010 unte
905 2962 974 3012 hunc
990 2981 1103 3028 annum,
1122 2987 1187 3021 corr-

264 3045 350 3096 venire
370 3043 402 3093 ed
423 3042 620 3091 Perliamentum
640 3043 747 3110 emplius
761 3045 873 3095 noluisse
888 3034 1015 3097 videntur.
1042 3051 1080 3100 Cf.
1092 3042 1207 3119 Henrfys

265 3129 323 3183 vol.
350 3128 396 3178 tv.
424 3142 481 3191 oep.
509 3127 558 3175 111.
582 3128 605 3193 ς.
633 3127 659 3179 4.
700 3129 910 3180 Convocabantur
933 3133 1091 3196 potissimum
1114 3139 1190 3201 regni

267 3211 392 3269 Ordines,
412 3214 442 3257 ut
458 3211 527 3273 regi,
546 3212 662 3275 petenti,
683 3213 805 3278 pecuniae
826 3214 973 3278 addiceret;
992 3221 1046 3266 tum
1057 3221 1140 3279 ¹etiarn
1150 3222 1192 3273 le-

267 3313 328 3368 gum
352 3293 511 3343 serendarum
529 3311 599 3359 ergo.
637 3295 715 3344 Initio
735 3299 818 3344 tamen
837 3300 1003 3356 Communes,
1023 3301 1043 3347 si
1060 3300 1092 3349 dc
1108 3303 1188 3367 legis.

269 3381 366 3431 latione
393 3383 529 3441 ageretur,
557 3381 588 3429 ud
618 3380 837 3430 consentiendum
862 3385 962 3429 tentum
985 3378 1133 3434 convenisse
1151 3378 1193 3435 ΙΙ-

212 3484 214 3488 ·
267 3465 370 3517 dentur.
407 3462 458 3510 Sub
474 3480 533 3527 rege
550 3478 609 3512 vero
628 3463 743 3515 Eduardo
758 3464 984 3524 111,constituturn
1004 3472 1054 3527 est,
1068 3469 1191 3534 utlegnm

163 3532 164 3535 Ἴ
272 3548 432 3598 serendarum
446 3547 491 3610 jus
506 3532 665 3611 competeret
676 3550 730 3612 regi
747 3551 774 3596 et
790 3548 893 3610 utrique
910 3551 1000 3598 Domni
1016 3555 1191 3615 conjunctim:
1236 3590 1240 3595 .

269 3636 332 3678 tuno
358 3629 465 3677 formula
489 3629 613 3689 invaluit,
642 3631 698 3680 Len
716 3633 822 3681 senmte
840 3639 880 3681 est
899 3649 916 3682 a
936 3648 1012 3700 rsqe,
1034 3638 1192 3700 recentibus

273 3709 478 3770 communibus,
489 3717 514 3759 et
523 3716 750 3764 consentientibus
759 3715 931 3779 Magnetibus
941 3727 967 3769 at
978 3721 1121 3774 Praelatio.
1131 3723 1190 3773 Vid
1241 3755 1246 3761 .

270 3798 379 3847 Heliam.
393 3795 454 3845 Vol.
471 3794 520 3842 ΙΙΙ
536 3812 561 3860 p.
579 3795 622 3855 70.
639 3801 698 3862 qui,
716 3799 881 3862 regnantibus
895 3819 1000 3853 maxime
1011 3804 1190 3867 EduardoIII

269 3878 395 3930 liiobardo
415 3877 455 3937 ΙΙ,
483 3882 510 3927 et
532 3881 642 3932 ilenrico
656 3884 706 3941 lv,
737 3883 843 3946 Angiiee
860 3887 989 3950 regiminis
1006 3890 1110 3939 formam
1129 3907 1189 3940 een

268 3967 313 4021 eim
331 3965 410 4030 magis
427 3964 583 4018 emendatam
607 3983 661 4020 esse
682 3972 779 4022 censet
799 3969 834 4029 oi,
854 3970 910 4021 Vol.
929 3973 978 4023 ΙΙΙ,
996 3989 1023 4042 p.
1044 3974 1090 4031 62.
