2586 4718
670 260 733 364 rao

257 519 427 608 Episcopus
441 509 644 580 Londinensis
660 510 835 578 Courtnaeo
849 511 1011 578 obsecutus
1020 525 1066 580 est
1074 562 1084 594 ‚
1097 516 1197 584 misso
1232 573 1235 577 ,

212 640 352 729 exemplo
372 635 509 726 ejusdem
527 632 680 715 mandati,
695 632 747 699 die
766 639 785 699 5
800 633 822 700 J
825 633 911 713 unii,
930 632 969 698 ad
987 633 1196 720 Jobannem,

213 761 402 851 Episcopum
420 755 669 822 Lincolniensem
684 803 695 835 ‚
711 753 847 820 Wicliffi
864 752 1093 828 dioecesanum.
1129 757 1197 824 Hic

212 895 317 949 tamen
349 879 488 969 proximo
522 875 649 943 demum
680 885 784 943 mense
812 875 914 942 literas
941 867 1124 967 perscripsit
1151 878 1198 944 ad

213 1023 318 1068 omnes
349 998 509 1079 dbbates,
537 997 679 1078 Priores,
710 996 917 1063 Ecclesiamm
939 996 1109 1082 decenos,
1122 1022 1199 1066 rec·

213 1135 294 1189 tores
320 1132 352 1187 et
378 1119 529 1199 vicarios,
560 1118 733 1210 capellanos
757 1116 973 1210 parochiales,
1003 1130 1097 1209 atque
1116 1119 1197 1186 offi-

212 1241 322 1307 cialem
348 1235 415 1307 'sire
442 1240 686 1306 commissarium
712 1238 935 1306 Archidiaconi
955 1241 1195 1325 Licestriensis,

210 1375 245 1430 ut
275 1384 368 1452 quem
397 1360 535 1452 primum
565 1343 732 1428 Gourtnaei
755 1360 934 1427 mandatum
955 1361 1197 1452 exsequendum

186 1494 355 1549 'curarent
372 1492 399 1551 ¹.
447 1482 551 1567 Quum
579 1480 727 1572 parochia
756 1483 999 1549 Luterorortana
1018 1485 1199 1574 pertineret
1268 1472 1271 1478 Δ

209 1603 250 1670 ad
278 1602 463 1669 decanatum
497 1600 699 1668 Guthlartoni
726 1602 758 1668 in
775 1600 1051 1702 ⁸alrchidiaconatu
1078 1604 1197 1672 Lices·

209 1724 341 1806 triensi,
369 1723 586 1790 verosimiliter
612 1722 753 1790 Wicliffo
777 1746 923 1814 quoque,
943 1725 1061 1816 quippe
1080 1725 1199 1794 Eccle-

210 1843 393 1932 siae-hujus
420 1843 555 1924 rectori,
584 1842 766 1909 mandatum
795 1843 872 1910 illud
899 1847 1112 1912 transmissum
1135 1861 1199 1920 est.

209 1965 249 2032 In
277 1964 488 2033 Universitate
513 1986 586 2032 rero
612 1962 778 2032 Oxoniensi
797 1963 935 2034 edictum
956 1980 1062 2034 contra
1079 1967 1200 2038 haere·

212 2087 290 2153 ticos
308 2087 527 2176 promulgare,
548 2087 744 2154 commissum
756 2086 820 2155 fuit
828 2088 922 2155 Petro
932 2087 1075 2156 Stolresio
1085 2137 1096 2170 ‚
1110 2089 1200 2158 Gar-

211 2206 339 2272 melitae
357 2218 390 2273 et
407 2206 582 2297 theologiae
602 2205 722 2274 doctori
737 2215 766 2277 2.
821 2208 892 2275 Illic
911 2209 1095 2301 praesertim
1116 2211 1199 2281 doc-

211 2327 291 2395 trina
309 2303 502 2395 Wicliffiana
520 2341 690 2419 propagata
709 2340 775 2394 erat
785 2377 796 2409 ‚
817 2328 861 2395 ita
881 2343 917 2395 ut
932 2330 1100 2398 maximam
1116 2357 1196 2424 par-

213 2463 279 2517 tem
297 2451 489 2530 saeculares,
512 2463 544 2516 et
561 2449 729 2531 doctores,
748 2463 780 2517 et
799 2450 906 2516 clerici
916 2499 927 2531 ‚
946 2451 1067 2519 assidue
1091 2441 1201 2525 essent

211 2571 357 2663 occupati
374 2572 407 2636 in
425 2570 620 2637 defendenda
639 2572 692 2638 illa
708 2571 839 2661 aliisque
852 2571 1024 2655 tradendi,
1038 2586 1106 2641 tum
1123 2573 1198 2644 dis-

212 2689 426 2782 putationibus
435 2689 588 2781 publicis,
600 2691 912 2783 tumrariissoriptis.
928 2694 1200 2788 dlumniquoque

213 2810 420 2891 oxonienses,
441 2822 594 2900 quotquot
613 2810 835 2878 monachorum
856 2813 975 2881 artibus
989 2827 1021 2882 et
1036 2815 1199 2887 illecebris

218 2953 422 2967 .-....-.-..--
448 2952 526 2960 --.

270 3022 393 3071 stantius
421 3020 569 3070 Dominum
588 3021 786 3086 precudutacr.'’
823 3022 947 3071 Interfuit
964 2988 1068 3086 quoque
1088 3023 1201 3090 Kenyn.

270 3105 377 3170 ghamus
402 3105 513 3155 concilio
539 3105 596 3166 illi,
618 3106 659 3155 die
682 3103 713 3156 17
732 3112 760 3155 et
778 3105 807 3154 21
838 3107 898 3170 lllaji
924 3105 1023 3156 habito.
1058 3108 1095 3158 tte
1112 3112 1201 3178 scrip.

64 3194 65 3200 ’
163 3232 165 3238 ,
270 3189 322 3250 tis,
360 3205 426 3253 quac
449 3194 539 3239 contra
563 3191 704 3240 Wicliffurn
727 3189 827 3257 edidit,
852 3191 905 3243 rid.
931 3191 1032 3242 baleus.
1066 3193 1143 3243 Gent.
1168 3197 1198 3249 6.

270 3291 299 3341 p.
329 3272 382 3324 457
401 3290 441 3338 sq.
460 3299 495 3313 ·-
512 3275 551 3327 Cs.
570 3274 664 3324 Wood.
683 3275 737 3326 bib.
757 3276 779 3323 1.
796 3291 823 3341 p.
843 3277 901 3326 188.
920 3302 955 3316 -
971 3277 1101 3328 Wicliffus
1117 3281 1201 3332 etiam

269 3363 361 3410 contra
380 3359 585 3428 eumfflxeoripsiase
601 3359 711 3420 dicitnr,
732 3359 1199 3425 Determt'nuts'orrasEucharistiae.

271 3443 324 3491 vid.
342 3441 439 3501 Baber,
459 3459 487 3507 p.
507 3443 600 3494 xtttt.

198 3536 200 3543 ’
240 3528 249 3563 ¹
273 3529 378 3576 Exstant
395 3525 503 3575 Literna
522 3526 614 3590 Epiro.
634 3527 714 3580 Lino.
733 3524 800 3594 apud
809 3529 1004 3594 Knyghtonum.
1015 3547 1042 3598 p.
1054 3531 1120 3581 2651
1135 3538 1198 3598 sqq.

239 3612 250 3648 ²
277 3611 421 3662 Acerrimus
449 3611 498 3664 snit
522 3610 628 3660 Wicliffi
655 3614 823 3665 adversarius.
869 3616 964 3665 Contra
990 3632 1048 3666 eum
1066 3618 1202 3670 Wicliffus

273 3696 368 3754 etiam,
385 3694 444 3743 data
457 3695 551 3760 opert,
571 3697 683 3762 scripsit·
719 3698 848 3747 Stolsesius
861 3698 906 3747 ille
919 3699 986 3750 idem
1000 3715 1053 3748 nou
1067 3700 1136 3761 suit,
1156 3706 1200 3752 et·

274 3781 376 3845 queis,
397 3778 516 3827 adversus
532 3795 608 3841 quem
623 3782 719 3831 linasus
737 3786 825 3847 postea
840 3783 946 3839 Wicliffi
959 3785 1078 3836 defuncti
1092 3803 1201 3840 caueam

272 3865 346 3929 agit,
363 3863 450 3928 prouti
464 3863 617 3914 existimavit
633 3865 729 3928 babet,
744 3867 880 3919 Memos'rs.
894 3887 920 3935 p.
937 3871 1026 3935 aun,
1043 3887 1103 3920 nam
1120 3871 1201 3925 hicce

272 3951 402 3999 iohannes
415 3946 548 3996 dicebatur
565 3953 591 3998 et
607 3951 747 4004 monachus
764 3953 814 4004 tuit
828 3942 1018 4005 Dominicanus.
1054 3955 1095 4007 Cf.
1105 3957 1203 4010 Balcua

273 4037 347 4087 Ceut.
363 4035 391 4087 6.
408 4050 439 4102 p.
456 4031 507 4084 496
525 4038 552 4084 et
569 4033 630 4087 479.
667 4101 668 4107 1
