2586 4718
586 375 605 436 3

101 596 177 661 riter
196 597 229 659 in
244 592 339 659 libros
353 612 470 670 saeros,
486 590 588 679 spreta
602 589 705 678 Papae
720 590 904 657 auctoritate
921 590 1062 680 supremis
1071 638 1080 675 ,

98 737 134 780 er
163 736 226 779 uno
254 712 315 779 hoc
343 708 561 802 limpidissimo
584 710 670 776 fonte
696 733 803 802 sapere
820 710 1027 794 studuerunt,
1052 727 1084 780 et
1117 758 1120 763 ·

97 834 157 900 hac
178 834 245 915 via,
265 834 406 901 criticam
422 831 606 921 aphibentes
627 845 658 898 et
675 834 838 899 meliorem
857 831 1082 924 interpretandi

99 953 299 1035 methodum,
330 977 410 1044 qnae
433 966 503 1045 post
526 954 631 1020 literas
649 968 769 1022 renatas
787 954 947 1021 emendari
966 977 1084 1046 coepe-

97 1091 163 1158 rat,
181 1099 314 1168 purgare
333 1077 534 1142 instituerunt
552 1075 725 1143 doctrinam
747 1078 955 1147 Christianam
978 1102 996 1143 a
1016 1099 1085 1144 sor-

100 1197 191 1263 dibus
212 1197 431 1286 improhisque
455 1197 619 1263 hominum
645 1199 778 1264 inventis
802 1210 835 1265 et
853 1197 1083 1267 additamentis.

99 1317 341 1408 hlrpromserunt
368 1316 470 1385 denno
499 1318 614 1408 placita
633 1319 698 1406 ejus
715 1319 880 1409 primaria,
898 1318 1012 1408 quihus
1031 1317 1087 1383 de·

99 1459 186 1503 mum
210 1437 304 1504 homo
329 1451 425 1504 semet
450 1439 517 1527 ipse
541 1451 627 1504 recte
646 1451 827 1528 cognoscat,
848 1439 946 1504 divini
966 1440 996 1505 ei
1015 1440 1089 1508 Nn·

99 1559 192 1625 minis
220 1558 349 1648 patefiat
375 1581 447 1624 vera
474 1570 609 1638 natura,
638 1559 752 1626 misero
779 1561 809 1626 ei
829 1560 973 1626 solatium
990 1582 1087 1650 prae·

101 1679 212 1745 beatur
227 1657 492 1760 efficacissimumss
509 1679 631 1745 animus
647 1680 782 1768 erigatur
796 1680 836 1746 ad
853 1665 963 1748 mutuo
978 1703 1088 1748 aman·

104 1799 178 1866 dnm
205 1802 325 1881 Deum,
350 1813 382 1867 et
401 1799 441 1866 ad
459 1823 612 1867 summam
630 1801 777 1868 evehatur
796 1802 991 1871 felicitatem.
1036 1801 1091 1868 Sic

103 1946 120 1987 a
138 1921 274 1989 tenebris
292 1922 450 1989 Ecclesiae
470 1922 690 1989 convertebant
711 1938 742 1989 et
759 1936 856 1988 semet
873 1923 955 2009 ipsos
970 1934 1002 1984 et
1017 1922 1093 1985 alios

103 2044 273 2132 permultos
288 2043 329 2108 ad
344 2043 528 2108 intuendam
543 2043 725 2117 veritatem,
745 2039 919 2129 perJesnm
932 2036 1092 2105 Christum
1192 2033 1194 2037 ’

70 2229 73 2234 ,
103 2163 314 2252 patefactam,
334 2175 428 2249 atque
446 2160 533 2226 illam
552 2172 657 2227 mente
675 2158 843 2250 animoque
861 2163 1025 2251 percipere
1044 2162 1095 2225 ni·

104 2283 262 2352 tabantur.
308 2279 398 2366 Quod
414 2280 469 2372 qni
485 2281 605 2348 sineere
622 2282 743 2363 studet,
761 2305 824 2348 non
843 2294 945 2371 potest
959 2303 1023 2347 non
1041 2281 1095 2348 hio

105 2403 247 2469 renovari
273 2416 366 2473 totus.
410 2402 523 2492 Itaque
548 2425 611 2468 non
636 2403 711 2469 ritia
735 2415 859 2468 tantum
878 2400 1095 2490 reprehendo·
1141 2377 1143 2381 Α

104 2536 197 2605 runt,
220 2507 306 2613 qnod
323 2523 452 2613 plurimi
469 2546 487 2588 a
507 2524 600 2612 longo
612 2525 681 2611 jam
702 2521 776 2587 inde
794 2536 936 2618 tempore
956 2523 1094 2590 fecerant

105 2655 198 2732 atque
217 2643 314 2709 etiam
333 2640 408 2709 tunc
426 2643 602 2721 faciebant,
622 2641 676 2708 sed
692 2642 841 2732 primaria
857 2642 1012 2732 quaedam
1026 2645 1095 2734 pla·

104 2764 166 2830 cita
184 2764 266 2830 illins
285 2762 462 2844 doetrinae,
483 2765 544 2852 qual
565 2760 706 2829 Christus
727 2763 1094 2832 divinitushominesdo-

78 2860 83 2872 ι
103 2895 248 2964 narerat‚
274 2907 431 2974 quamque
446 2897 692 2974 propagaverant
708 2885 804 2975 ipsius
821 2886 979 2975 Apostoli,
996 2885 1092 2968 haec,
1131 2918 1136 2925 ·

24 3048 26 3053 ·
105 3028 159 3094 per
180 3005 299 3095 aliquot
319 3006 439 3072 saecula
459 3005 592 3094 turpiter
612 3005 813 3085 abscondita,
833 3005 865 3070 in
884 3008 988 3072 lucem
1006 3028 1095 3073 revo-

103 3138 235 3206 carunt,
261 3127 484 3192 annuntiarunt
501 3147 624 3206 rursus,
642 3126 863 3195 instaurarunt.
907 3128 946 3192 Et
965 3126 1009 3192 sie
1028 3127 1093 3217 ipsis
1206 3189 1208 3192 ,

103 3246 272 3313 instaurati
297 3229 468 3337 religione,
493 3245 585 3311 facile
610 3246 771 3311 emendari
796 3269 903 3326 saera,
927 3259 1021 3334 atque
1041 3271 1094 3312 so-

104 3368 224 3434 cietatis
244 3368 343 3434 forma
362 3382 394 3434 et
413 3367 493 3434 ratio
517 3367 627 3433 melior
646 3367 754 3433 induci
773 3378 928 3456 poterant.

152 3491 321 3556 Doctrinae
341 3470 536 3557 Christianae
556 3490 721 3580 principiis
736 3489 939 3581 resuscitatis,
958 3485 1095 3556 Ecclesia

106 3609 269 3675 Pontificio
298 3611 437 3678 funditus
461 3624 506 3677 est
527 3632 684 3680 concussa.
732 3610 805 3691 llli,
829 3609 942 3700 quibus
963 3633 1096 3699 persua-

106 3752 173 3805 sum
201 3743 266 3796 erat
290 3731 330 3796 de
354 3733 494 3800 bonitate
517 3733 582 3814 rei,
613 3756 707 3823 qnam
728 3745 851 3799 strenue
881 3731 1014 3819 agebant
1040 3753 1096 3796 re-

107 3852 313 3933 formatoreS,
347 3854 463 3943 quique
491 3854 539 3921 his
569 3877 600 3922 se
630 3853 851 3944 adjunxerant,
879 3873 986 3919 omnes
1010 3850 1098 3918 ducti

106 3972 209 4039 studio
225 3972 431 4048 vindicandae
445 3974 600 4044 liher'tatis
615 3975 773 4065 cogitandi
792 3973 1030 4063 sentiendique,
1048 3973 1097 4038 in-

103 4114 164 4180 qua
191 4097 280 4162 causis
306 4095 464 4184 religionis
489 4121 614 4166 ornnem
638 4099 807 4165 humanam
829 4097 1004 4183 rejicientes
1023 4119 1101 4162 aare·
1170 4166 1173 4171 ,

907 4225 917 4260 1
930 4216 944 4249 4
