2586 4718
617 311 655 371 10

138 525 325 602 niebantur,
350 521 428 588 dicti
447 542 573 612 quoqne
589 521 722 588 subinde
742 522 804 590 sint
821 524 968 614 Bulgares
986 551 1013 597 s.
1031 527 1115 595 Bur-

140 645 227 736 gari,
245 667 262 709 a
280 642 428 734 regione,
446 642 480 708 in
501 644 770 733 quimorabantnr
780 645 928 735 permulti
938 647 1121 719 Pauliciani.

141 765 197 833 Uri
218 786 291 831 vero
308 764 481 830 Panliciani
496 765 667 832 Ecclesiam
688 766 870 848 (drasam,
884 768 928 846 ita
943 770 1123 860 Albigenses

139 885 298 952 Latinam
325 885 455 952 aversati
483 899 564 955 sunt.
599 884 766 954 Communi
784 887 881 954 hocce
899 891 1024 956 nomine
1043 881 1124 959 hae·

67 1041 70 1048 ·
138 1006 229 1072 retici
258 1005 293 1071 in
320 1006 396 1073 orbe
415 1005 609 1074 Occidentali
628 1009 748 1100 saepius
765 1009 954 1080 audiebant=
977 1025 1047 1078 suut
1064 1036 1121 1079 au·

136 1138 202 1193 tem
229 1126 268 1191 ab
296 1127 517 1217 Albigcnsibns
542 1127 603 1194 rite
631 1128 839 1220 distinguendi
868 1131 1057 1215 Valdcnses,
1080 1135 1121 1201 de

119 1300 122 1306 .
138 1247 252 1338 quibus
271 1270 341 1315 mox
359 1248 534 1316 ridebimus
550 1258 578 1320 ¹.
631 1250 847 1341 Albigensiurn
867 1253 996 1344 quidem
1015 1268 1046 1322 et
1066 1279 1119 1322 as-

137 1371 237 1438 cetica
265 1384 297 1437 et
326 1372 440 1463 placita
470 1371 510 1436 de
538 1370 658 1440 duobus
677 1373 858 1464 principiis,
880 1373 919 1439 dc
937 1376 1119 1456 Mosaismo,

138 1492 221 1572 alia,
246 1491 435 1560 Orientalem
455 1491 983 1581 quandamrcdolentdoctrinam2.
1023 1493 1121 1562 Caute

138 1612 294 1679 tamenin
315 1610 507 1700 explorandis
525 1611 676 1700 ejusmodi
695 1613 830 1702 vestigiis
849 1610 1034 1677 versandum
1053 1624 1118 1683 esta

138 1757 273 1824 namque
291 1732 458 1828 adversarii
477 1731 647 1799 haereticos
666 1731 771 1800 odioso
790 1730 1121 1802 Manichaeorum-no·

138 1856 224 1922 uriae
242 1855 327 1920 haud
346 1877 417 1922 raro
434 1853 544 1921 leviter
560 1852 751 1924 indicarunt.

186 1975 359 2044 Prodihant
389 1998 514 2065 quoque
540 1975 637 2042 hocce
656 1999 731 2042 aevo
751 1975 856 2064 (XII),
879 1980 912 2041 in
934 1975 1033 2063 Gabia
1050 1997 1121 2042 me-

142 2096 288 2164 ridionali
298 2107 330 2162 et
340 2096 449 2175 ltalia,
466 2093 604 2161 subinde*
616 2096 694 2175 riri,
712 2096 766 2185 qui
776 2144 786 2176 ,
797 2096 909 2163 ceteris
924 2095 1124 2177 audaciores,

140 2241 194 2287 sua
213 2206 317 2309 palam
337 2215 536 2306 divulgabant
553 2215 689 2305 placita,
709 2216 883 2305 multosque
899 2239 933 2282 er
952 2216 1123 2305 plebesibi

140 2338 370 2407 deuinciebant.
419 2336 465 2402 ux
485 2335 535 2402 his
553 2336 664 2403 famosi
682 2336 808 2403 fuerunt
826 2337 936 2404 Petrus
955 2337 995 2403 de
1012 2339 1122 2420 Bruis,

139 2461 301 2552 presbyter
320 2481 356 2522 er
376 2456 534 2547 provincii
554 2456 737 2538 Occitanid,
753 2453 881 2548 ejusque
899 2457 997 2524 socius
1016 2457 1123 2523 facun-
1145 2538 1148 2547 .

140 2578 198 2647 dus
215 2579 388 2660 Henricus,
407 2602 425 2643 a
445 2577 557 2666 quibus
575 2578 807 2644 Petrobrusiani
826 2592 857 2646 et
876 2575 1122 2645 Henricianino·

32 2692 53 2742 J
140 2724 211 2768 men
240 2699 429 2766 habuerunt.
491 2698 691 2765 Damnabant
717 2712 823 2765 autem
851 2686 909 2763 illi
926 2699 1124 2766 vehementer

143 2822 227 2891 Cleri
257 2843 377 2888 morum
396 2818 662 2910 perremiratem,
694 2820 856 2907 multaque
881 2818 914 2882 in
934 2819 1020 2884 cultu
1038 2840 1122 2884 sacro

141 2942 365 3036 superstitiosa:
392 2940 480 3032 plura
496 2940 592 3007 etiam
607 2941 828 3032 improbabant
847 2937 991 3029 dogmata
1006 2939 1046 3004 ab
1062 2939 1123 3004 Ec·

141 3066 234 3135 elesii
253 3064 367 3140 sancita
380 3071 407 3132 ³.
433 3063 540 3130 Prouti
558 3085 630 3128 vero
646 3061 680 3127 hi
700 3059 874 3128 doctrinam
893 3072 925 3126 et
941 3061 1060 3126 cultum
1074 3085 1121 3126 sa·

141 3209 232 3256 orum
253 3184 418 3251 emendare
434 3186 643 3263 conabantur,
664 3183 707 3248 ita
723 3177 940 3247 Hierarchiam
951 3180 1123 3247 Romanam

204 3367 289 3415 tianae
313 3368 382 3416 aetas
407 3367 506 3432 saepius
526 3363 682 3415 celebratum
698 3363 755 3422 est,
781 3376 813 3412 ex
828 3361 936 3426 magni,
961 3378 1012 3427 qua
1026 3362 1128 3412 beatum

206 3451 312 3501 Paulum
329 3451 566 3517 prosequebantur,
586 3447 748 3507 reverentii,
769 3447 926 3511 cblligerem.
950 3451 1129 3515 Rincquoque

206 3537 431 3588 Peuiicienorum
450 3535 559 3586 nominis
574 3531 713 3599 repetenda
730 3531 801 3595 origo
818 3535 866 3582 eet.

124 3660 125 3665 ,
174 3626 184 3661 1
209 3625 262 3675 flac
288 3625 319 3674 de
341 3641 368 3675 re
388 3625 442 3688 egit
457 3625 487 3673 P.
507 3623 551 3669 Jas
570 3620 597 3667 in
616 3618 683 3685 disp.
702 3619 735 3666 da
758 3617 930 3669 Voideoas'em
947 3628 1019 3671 secto
1035 3621 1068 3672 ob
1083 3621 1130 3672 At-

204 3711 356 3777 bs'qross'bur
371 3711 435 3758 beno
452 3705 654 3770 distinqcooda.
691 3703 771 3781 bugd.
790 3705 846 3753 liat.
866 3703 944 3756 1834.

172 3796 184 3832 ²
209 3797 250 3846 Cf.
269 3791 563 3858 coungatur-crusina.
580 3788 641 3841 rvol.
654 3791 721 3856 I,p.
732 3789 784 3840 480
792 3807 832 3855 sq.
844 3817 876 3831 -
886 3792 1011 3846 Gieseler.
1022 3792 1079 3843 Vol.
1091 3793 1129 3843 11.

205 3883 235 3931 P.
253 3883 277 3930 1.
292 3898 318 3946 p.
337 3875 405 3940 {db-33
425 3878 455 3928 1³.
475 3876 510 3924 11.
529 3893 555 3941 p.
572 3874 624 3926 527
640 3892 697 3940 oqq.

172 3969 184 4004 ³
204 3965 339 4017 cu-Pom·
355 3961 417 4012 Aba.
432 3959 558 4014 Clunioc.
577 3963 655 4027 episi.
667 3963 702 4012 od
715 3962 906 4024 arelatensem,
917 3967 967 4031 φ.
986 3963 1132 4028 Epireopos

203 4052 263 4101 ado.
275 4048 429 4097 Pressuras.
441 4048 540 4097 boaret.
551 4048 658 4101 inBe'bl.
670 4050 727 4100 PP.
740 4065 811 4101 moe.
823 4052 851 4101 T.
864 4049 944 4103 unu.
957 4068 982 4115 p.
995 4049 1060 4098 10³3
1072 4064 1128 4110 ειμι.
