2586 4718
607 328 670 392 125

200 542 346 628 Quamuis
382 552 486 606 autem
511 553 619 607 reret
649 540 890 608 Parliamentum
920 542 1083 610 consilium
1111 566 1130 612 a

113 697 114 700 ¹
152 661 294 732 Wicliffo
323 657 473 753 petebanl
498 662 531 727 in
555 659 706 750 ejusmodi
726 661 816 729 rebus
831 664 1132 755 gratissimis,'ejue·

154 808 215 875 que
242 806 355 852 nomen
379 785 422 849 ita
440 783 539 872 magis
556 782 792 864 celebrabatur,
819 781 926 852 Olems
944 785 1133 877 Auglicanus

152 918 290 972 tamena
308 904 521 972 consentisset
531 925 592 969 oon
603 903 734 974 destitit.
758 905 1010 974 Frustratdenim
1022 907 1054 972 in
1066 909 1133 998 ejus

151 1027 325 1095 doctrinam
352 1026 574 1117 inquisitione,
608 1026 703 1092 breri-
726 1039 796 1116 post
821 1026 967 1093 Pontifici
991 1029 1133 1095 Romano

151 1149 243 1215 missa
272 1149 365 1215 fuisse
382 1145 505 1213 ridetur
524 1147 616 1213 series
636 1145 789 1236 quaedam
811 1149 1031 1225 sententiarum
1051 1148 1132 1215 Wi-

153 1268 249 1348 cliffi,
281 1288 360 1357 quae
383 1263 562 1332 baereticae
589 1264 787 1333 habebantur
799 1289 809 1348 ;
842 1264 932 1356 cujus
957 1267 1004 1333 rei
1023 1268 1132 1336 fratres

152 1378 365 1448 Mendicantes
394 1379 527 1445 maxime
559 1392 699 1446 auctores
723 1378 816 1446 fuisse
840 1380 989 1470 suspicer.
1036 1380 1132 1449 llraut

154 1514 270 1567 autem«
286 1500 357 1566 illae
387 1513 548 1591 excerptae
567 1501 683 1591 partim
707 1522 743 1567 er
761 1502 827 1591 ejus
844 1501 968 1591 scriptis
987 1512 1020 1566 et
1038 1524 1133 1591 prae-

152 1621 356 1702 lectionibus,
381 1622 496 1712 partim
516 1644 552 1688 er
571 1622 829 1690 collocutionibus
839 1671 851 1704 ‚
874 1645 933 1689 nec
952 1636 1056 1690 tamen
1076 1646 1133 1689 uc·

151 1756 280 1826 curate,¹
307 1764 411 1834 neque
437 1741 519 1810 houd
546 1742 621 1813 fide.
679 1744 774 1810 Fami
793 1742 979 1833 indignatus
989 1744 1143 1811 Pontifex.

150 1863 316 1954 Gregorius
344 1864 412 1944 XI,
447 1864 571 1954 placitis
595 1841 760 1931 haereticis
779 1866 984 1931 contaminari
1002 1864 1134 1955 Angliao

151 2007 298 2075 reguum,
333 1985 417 2075 quod
455 1984 532 2051 fidei
570 1982 900 2050 Romano-catholicae
936 1984 1009 2051 buc·
1034 2009 1131 2077 usque

154 2128 276 2196 semper
316 2105 410 2170 fuisse
446 2103 678 2192 receptaculum
717 2088 936 2188 existimabat,
963 2129 1073 2189 mox,.
1092 2107 1144 2176 ad.

151 2226 238 2292 hunc
267 2222 478 2290 cohibendum
507 2224 666 2306 imorem,
689 2223 743 2290 die
762 2230 804 2292 22
824 2218 937 2293 mensis
956 2228 1032 2317 Meji
1051 2250 1135 2295 anno
1156 2231 1160 2239 '
1212 2231 1215 2238 “

155 2350 262 2428 1377,
283 2360 415 2438 quatuor
430 2348 552 2413 ¹Romae
565 2345 667 2413 edidit
685 2324 795 2416 bullas.
820 2348 927 2415 Unum
945 2347 1030 2413 misit
1051 2346 1133 2414 Gan·

151 2468 276 2535 cellario
295 2481 326 2535 et
346 2467 550 2536 Universitati
570 2465 736 2534 Oroniensi
747 2514 758 2545 ‚
774 2478 836 2531 tres
853 2488 925 2532 vero
946 2464 1141 2558 brchiepis·.

153 2611 232 2678 copo
254 2585 471 2654 cantuariensi
489 2600 521 2653 et
541 2586 697 2677 Episcopo
715 2584 926 2669 Londinensi3
944 2586 1131 2678 addiditque

152 2710 334 2799 epistolam,
373 2707 483 2776 codem
516 2720 657 2799 tempore
690 2709 917 2798 perscriptam,
952 2707 992 2774 ad
1025 2730 1139 2798 regem·
1178 2688 1181 2694 ¹

32 2849 35 2854 ·
152 2828 333 2896 eduardum
352 2829 415 2899 111.
471 2829 565 2897 Hisce
583 2829 681 2895 literis
700 2830 864 2920 papalibus
882 2828 1131 2918 adjunctus'erat

150 2943 478 3032 libellus,'continens
505 2951 717 3042 undeviginti
741 2941 963 3018 conclusiones
980 2974 1033 3018 seu
1044 2940 1130 3044 joro-

143 3077 328 3164 positc'oncc
355 3063 520 3164 magistri
539 3071 596 3168 Jo.
614 3071 674 3136 W
668 3070 768 3159 iclpff
772 3078 805 3150 ¹,
824 3093 902 3162 quas
924 3070 1057 3161 integras
1074 3073 1131 3140 hic

150 3216 308 3285 apponere
322 3195 453 3283 jurat-².

197 3313 225 3383 Ι.
251 3313 283 3380 T
281 3322 367 3380 otum
390 3336 497 3405 genus
524 3312 731 3377 Ιιωνηαητινη3
762 3314 851 3379 citra
876 3298 1046 3382 Christum
1065 3337 1130 3381 uon

150 3432 245 3500 taber
256 3443 457 3526 potestatem
476 3433 698 3526 sa'mplicitc'r⁴
718 3434 916 3522 ordinandi,
936 3444 973 3501 ut
986 3436 1129 3518 Petrus,

182 3725 192 3762 ¹
218 3724 317 3786 llullar,
349 3710 501 3791 epistolam,
522 3733 549 3775 et
567 3726 743 3777 conclusiones
759 3727 846 3778 ridere
860 3732 900 3779 est
917 3729 985 3795 apud
1002 3730 1131 3795 Wulsiug-

110 3808 118 3821 “
212 3809 332 3870 hamum,
351 3826 377 3875 p.
398 3809 545 3860 201-205.
768 3807 771 3812 ’

169 3893 191 3933 ’1
217 3893 299 3944 Lubet
313 3908 417 3958 quoque
425 3897 520 3958 altena
535 3895 654 3946 lectionis
667 3894 832 3957 varietatem,
844 3913 909 3959 quae
918 3897 1032 3946 cernitur
1043 3896 1070 3945 in
1082 3898 1131 3948 Er·

212 3979 340 4046 positione
357 3978 447 4028 barum
465 3979 676 4038 conclusionum,
695 3977 727 4027 ab
744 3979 798 4045 ipso
817 3981 931 4030 Wicliffo
946 3981 1087 4045 comparili
1103 3988 1130 4032 et
1239 3992 1240 3995 ’

211 4065 381 4116 Parliamento
391 4063 495 4115 tradita.
508 4090 539 4102 -
555 4065 567 4102 ⁸
587 4064 652 4117 ddd.
664 4067 893 4116 commertium.
904 4089 935 4103 -
949 4064 1128 4130 ‘simplicem
