2586 4718
553 337 614 398 139

95 549 256 622 mediante
283 547 493 637 Dei-«grata
502 592 512 625 ,
536 566 607 610 esse
623 546 757 634 integer
778 542 1014 623 Christianus,
1033 552 1064 609 et

98 671 253 760 creandas
284 671 442 732 manserit
470 669 506 731 in
536 688 585 729 me
611 665 759 744 ltalitns,
783 664 943 754 prsfileri
968 672 1066 753 atque

100 791 292 880 defendere,
327 797 483 878 quarzlnm
511 788 656 877 sufficio,
685 787 788 876 legem
820 784 959 853 Christi.
1015 783 1066 850 Et

97 911 204 1001 qnod,
232 913 266 974 si
290 931 332 974 ex
359 911 558 1000 ignorantia
580 909 633 972 cel
658 910 847 996 quacunque
871 907 948 971 alid
965 909 1070 970 cansd

98 1035 133 1096 in
153 1037 224 1096 'isto
251 1030 420 1118 defecero,
448 1035 530 1120 rogo
556 1027 659 1094 Deam
684 1047 786 1091 meam
810 1026 849 1090 de
865 1029 971 1094 veniri.
1018 1026 1069 1092 Et

96 1173 201 1229 nnnc,
223 1157 327 1240 prout
357 1158 494 1228 enturzc,
526 1146 572 1236 (id
597 1160 661 1227 est,
684 1147 709 1215 si
730 1168 893 1226 erravero,
907 1149 974 1235 jam
995 1168 1067 1235 pro·

98 1270 192 1355 tinus)
223 1292 336 1334 revoco
361 1271 393 1334 et
423 1277 590 1348 retracto,
617 1269 805 1332 submittens
832 1288 882 1329 me
899 1266 1069 1332 lsnrniliter

98 1393 298 1455 correctioni
333 1382 468 1454 sanctae
505 1391 627 1454 rnatrz's
658 1387 842 1454 Ecclesiae.
904 1385 955 1452 Et
987 1409 1072 1476 qaae

91 1532 158 1600 per
176 1532 301 1598 paneros
319 1513 481 1574 sustantia
500 1518 548 1574 est
555 1508 646 1595 fidei
655 1556 664 1588 ,
681 1529 779 1596 qnam
799 1506 879 1572 dini
894 1511 931 1571 in
950 1507 1071 1572 scholis

98 1638 130 1692 et
156 1630 260 1708 alibi,
289 1653 330 1694 ac
342 1676 353 1709 ,
381 1632 492 1719 magis
510 1650 579 1719 per
599 1650 726 1718 pueros
753 1629 854 1692 etiam
866 1675 877 1707 ,
905 1627 1075 1716 usquead
1169 1683 1172 1691 .

102 1747 285 1814 Romanam
310 1753 440 1814 curiam
468 1756 725 1839 transportata,
755 1748 850 1827 ideo,
879 1770 919 1812 ne
951 1748 1072 1815 Claris-

101 1872 192 1935 tiani
217 1872 487 1937 scandalizentur
513 1874 550 1934 in
577 1893 647 1950 me,
672 1871 744 1934 eolo
772 1872 809 1932 in
828 1871 976 1958 scriptis
989 1868 1075 1933 dare

99 1995 311 2071 sententiam,
331 2013 373 2054 en
391 2015 457 2079 qua
476 1995 646 2078 impetitus
665 2009 757 2066 mm,
778 2009 890 2074 qnam
909 1989 996 2052 volo
1014 2010 1073 2052 ns-

99 2131 171 2200 que
200 2109 254 2173 ad
277 2116 440 2171 mortem
469 2105 697 2194 defendere,
723 2108 809 2170 sicat
827 2106 946 2188 credo,
966 2131 1074 2175 omnes

104 2227 317 2296 Christianos
340 2225 453 2291 debere
463 2272 474 2305 ,
493 2226 555 2291 sed
569 2228 760 2316 specialiter
778 2226 959 2293 limnanam
977 2228 1072 2294 Pon-

101 2346 238 2433 tificem,
263 2354 294 2410 el
313 2355 460 2412 caeteros
478 2347 666 2411 sacerdotes
685 2345 870 2416 Ecclesiae.
912 2346 1076 2439 Intelligo

42 2557 46 2564 ἢ
101 2475 208 2532 antem
235 2469 455 2533 cmtclnsiones
481 2467 531 2532 ad
557 2489 685 2532 suasam
712 2476 743 2531 et
770 2460 898 2531 modam
920 2467 1077 2561 loquendi

104 2585 303 2678 Scripturas
330 2594 361 2651 el
388 2595 574 2652 sanctornm
601 2564 789 2652 doctorum:
818 2610 910 2676 quem
940 2592 1074 2676 (sensum

102 2707 169 2776 scil.
195 2719 226 2772 et
246 2690 371 2773 modum
390 2705 550 2796 loquendi)
561 2716 710 2796 paratas
728 2729 798 2771 snm
817 2730 998 2798 seponere,
1018 2719 1051 2776 et
1061 2761 1072 2792 ,
1156 2697 1159 2700 ⁵

101 2828 180 2895 dolo
213 2827 389 2917 (probato),
426 2828 515 2917 qnod
544 2835 620 2892 snat
640 2826 730 2915 fidei
761 2833 972 2910 contrariae,
1001 2832 1073 2896 eolo

98 2952 195 3039 a‘prsas
216 2951 436 3039 paratissime
458 2970 612 3014 reuocare
628 2955 679 3016 ¹.''
728 2948 864 3033 Quantus
883 2949 979 3013 animi
996 2972 1072 3014 can-

100 3068 176 3134 dor!
212 3066 268 3133 Vir
293 3089 366 3134 sane
377 3116 387 3148 ,
414 3067 469 3156 qui
492 3067 536 3132 ita
556 3068 692 3156 loquitur
703 3116 713 3147 ,
735 3089 835 3156 neque
854 3091 929 3157 prae
948 3068 1073 3134 timidi-

100 3200 165 3255 tate
181 3186 334 3278 quadam,
350 3209 408 3252 nec
422 3188 529 3252 mortis
539 3199 642 3268 metu,
655 3187 859 3254 dissimulabit
870 3211 937 3254 suas
947 3161 1072 3255 senten-

100 3308 158 3373 tias
169 3357 179 3388 ,
209 3331 284 3397 quas
310 3329 396 3373 veras
423 3329 486 3372 esse
512 3308 675 3379 existimat.
719 3306 856 3400 Obscura
875 3308 1001 3398 quidem
1021 3310 1074 3374 illa

47 3456 50 3461 ¹
103 3425 260 3492 interdum
288 3439 333 3493 est
359 3426 491 3494 Wicliffi
517 3427 687 3519 expositio,
716 3448 819 3518 neque
846 3428 1016 3496 subtilitate
1042 3444 1074 3498 et

104 3545 231 3634 argutiis
260 3546 519 3614 scholasticorum
548 3568 669 3637 prorsus
695 3548 861 3619 immunis:
885 3548 936 3615 sed
957 3573 997 3615 ne
1017 3573 1074 3616 ex-

104 3677 297 3756 spectemus,
329 3692 439 3758 quaeso
450 3720 461 3751 ,
487 3669 545 3736 isto
563 3691 636 3748 sero
657 3691 724 3734 eam
743 3669 775 3734 in
794 3643 979 3761 disputando
998 3671 1072 3736 sim·

101 3785 276 3877 plicitstem
291 3808 327 3851 ae
341 3790 611 3879 perspicuitatem,
626 3812 704 3880 quae
715 3788 857 3870 demum,
869 3792 1072 3859 invalescente
1169 3808 1172 3813 ·

109 3959 410 3978 Μ

135 4058 145 4094 ¹
169 4057 262 4108 bocum
279 4057 400 4125 descripsi
420 4074 450 4110 ex
468 4062 606 4112 Annalibus
622 4061 817 4124 Walsingbsmi,
840 4079 865 4128 p.
886 4061 946 4114 206.
