2586 4718
595 308 667 367 ns

98 609 102 616 ι
154 518 345 606 ηοταηῑίαως
371 536 445 585 nom
465 517 499 590 in
516 517 576 585 riri
595 516 702 587 eximii
721 515 925 588 describendi
945 523 1138 613 riti,jure·

151 641 247 710 uilem
267 643 331 731 ejus
350 652 484 731 aetatum
504 639 623 708 nouisse
632 689 642 722 ‚
659 663 772 730 magno
789 664 911 733 semper
921 635 959 711 ¹in
976 645 1063 713 lucro
1080 671 1138 737 po·

35 822 37 829 .
113 765 115 770 ’
153 763 290 831 nendum
318 775 378 834 est.
430 764 499 831 Hae
526 761 678 831 nimirum
706 777 807 834 aetate
837 778 923 832 tener
953 767 1074 835 animus
1099 769 1138 837 iis

154 887 316 978 principiis
344 886 447 957 imbui
466 885 566 966 solet,
583 907 664 976 quac
683 908 837 955 summum
858 885 1006 979 deinceps
1024 889 1090 955 rim
1104 889 1140 957 in

154 1031 277 1078 omnem
306 1011 372 1080 fere
399 1010 494 1076 vitam
520 1022 680 1079 exserunt.
735 1008 911 1077 Verisimile
940 1023 1046 1077 tamen
1074 1022 1137 1092 est,

152 1131 346 1211 Wieliffum,
363 1129 472 1211 clero,
488 1143 522 1198 ut
536 1128 679 1212 ridetur,
695 1130 911 1220 aparentibus
927 1129 1138 1212 destinatum,

152 1250 286 1341 primam
314 1249 487 1320 obtinuisse
512 1251 739 1321 institutionem
767 1252 800 1320 in
829 1249 984 1339 ejusmodi
1015 1250 1138 1332 scholi,

155 1373 216 1441 sire
235 1372 335 1440 ricini
353 1373 424 1463 loeo
441 1372 557 1452 naroli,
579 1372 643 1441 sive
660 1372 754 1453 alibi,
772 1372 877 1460 quales
893 1372 933 1443 ab
950 1385 1050 1438 aetate
1065 1370 1141 1439 inde

153 1492 276 1560 Alsredi
290 1492 414 1580 Magni,
440 1491 485 1559 ad
501 1491 688 1560 erudiendos
710 1493 909 1582 potissimum
929 1493 1050 1571 futuros
1075 1494 1139 1560 cle-

154 1612 256 1692 ricos,
277 1611 469 1682 invaluerant
486 1597 521 1681 in
540 1612 652 1702 Anglia
672 1613 750 1679 bene
770 1613 899 1683 multae.
948 1612 1016 1680 Hae
1036 1622 1161 1681 autem*

155 1730 279 1801 scholae
304 1757 366 1801 non
394 1732 435 1800 ad
458 1734 644 1803 monasterie
673 1735 776 1803 solum
790 1733 1015 1824 pertinebant,
1034 1757 1144 1803 rerum

155 1853 188 1919 in
213 1853 345 1923 urbibus
367 1867 398 1925 at
418 1856 574 1926 nonnullis
592 1855 687 1925 etiem
708 1856 833 1947 oppidis
851 1852 913 1930 hoe
933 1869 1075 1945 tempore
1093 1879 1144 1924 re·
1249 1950 1252 1955 ν

156 1976 355 2065 pariebantur
370 1983 399 2046 ¹.·
445 1978 484 2053 ln
509 1977 547 2043 iis
572 1976 728 2044 institutio
747 1975 967 2045 absolvebatur
988 1978 1093 2041 triuio
1112 1989 1144 2043 et

155 2096 356 2184 quadrivio,
381 2096 521 2182 ulloqui
541 2095 703 2174 solebant,
724 2094 840 2183 quibus
860 2105 979 2186 septem
1000 2100 1144 2165 contine·

159 2215 274 2279 bantur
289 2226 371 2279 artes
381 2213 543 2283 liberales:
562 2235 665 2304 neque
674 2227 778 2281 tamen
789 2214 848 2280 hae
857 2237 964 2282 omnes
974 2215 1143 2286 tradeban-

118 2326 120 2333 ⁸
159 2347 220 2402 tur.
255 2335 427 2401 Discebant
437 2335 554 2405 tirones
564 2336 699 2401 maxime
708 2349 808 2403 artem
827 2335 952 2426 legendi
963 2350 994 2404 ct
1005 2312 1161 2406 scribon«,

158 2454 209 2537 di,
220 2469 348 2525 cantum
358 2478 500 2544 sacrum,
510 2456 601 2523 initia
611 2457 768 2545 religionis
779 2456 990 2527 Christianae:
1002 2472 1145 2549 praeter·

157 2600 193 2643 ea
212 2577 389 2646 rudimenta
405 2576 558 2665 quaedam
579 2577 753 2646 rhetoricae
774 2591 805 2649 et
822 2578 963 2668 logione,
987 2581 1143 2673 imprimis

158 2698 410 2786 grammaticam,
435 2710 472 2763 ut
498 2679 656 2787 linguam,
688 2700 750 2790 qui
768 2722 875 2767 omnes
895 2703 1063 2772 utebantur
1079 2705 1142 2778 ,riri

61 2825 62 2828 ’
159 2819 292 2901 eruditi,
312 2819 411 2909 probe
431 2819 542 2889 scirent
564 2827 593 2890 ².

203 2939 365 3030 Ejusmodi
393 2941 489 3030 igitur
518 2940 755 3022 ferarumne,
782 2942 830 3008 uti
860 2942 1016 3032 conjicere
1043 2944 1140 3028 licet,
1225 3004 1228 3009 .

154 3075 356 3154 praeparatus
386 3061 448 3129 luit
463 3060 635 3131 *Wicliffus
660 3060 855 3144 adolescens,
879 3075 1047 3153 antequam
1064 3062 1143 3133 adiit

156 3184 399 3253 Universitatem
419 3176 640 3254 oxoniensem.
693 3183 744 3254 dd
762 3183 844 3253 hanc
862 3194 968 3255 autem
983 3185 1144 3254 Musarum

160 3304 288 3389 sedem,
312 3327 411 3375 annos
434 3305 559 3373 circiter
577 3305 800 3394 septemdecim
815 3318 923 3387 natus,
943 3308 1089 3390 accessit,
1109 3310 1142 3381 in

159 3450 221 3516 qua
249 3427 405 3495 efficacius
425 3449 458 3495 se
477 3427 650 3517 applicaret
669 3424 710 3495 ad
728 3424 865 3493 studium
885 3425 1142 3520 disciplinarum,

192 3609 203 3643 ¹
226 3609 285 3662 Vid.
312 3612 437 3674 flueren„
462 3610 554 3659 Greci.
583 3611 629 3659 der
656 3607 798 3659 Studium
820 3610 869 3660 dor
892 3608 976 3661 Olore.
994 3612 1150 3664 Littcrulur

222 3695 274 3742 seit
291 3695 317 3742 d·
335 3694 560 3759 Wicderuuflebcu
577 3695 625 3743 der
643 3694 797 3746 Wicrensclr.
814 3695 984 3764 Eiolcs‘tuup.
1004 3716 1031 3764 p.
1051 3700 1112 3750 212.
1175 3735 1180 3746 .

191 3777 206 3841 ²,
228 3773 273 3827 (Ῑί.
291 3777 452 3838 liebertum,
478 3778 547 3828 Victo
566 3781 600 3846 of
612 3781 657 3829 tlte
672 3795 799 3846 proptrer
818 3783 852 3848 of
863 3784 962 3847 society
980 3784 1011 3832 io
1030 3782 1149 3850 Europe.

224 3863 294 3914 beot.
314 3862 336 3910 Ι.
383 3864 496 3926 ballam,
518 3865 590 3916 Victa
604 3866 640 3932 of
654 3867 698 3917 tle
716 3865 792 3917 State
808 3868 843 3933 of
858 3866 968 3933 Europe
986 3868 1088 3933 ἀντίης
1108 3870 1153 3921 tiro

135 3961 163 4005 '.
223 3947 324 4000 middle
344 3963 417 4013 uper.
452 3951 511 4005 Vol.
537 3952 586 4004 ΠΙ.
615 3968 642 4018 p.
664 3951 791 4010 621.ss
812 3950 839 4003 2.
874 3953 991 4015 Roman,
1013 3952 1061 4020 Op.
1081 3954 1151 4011 laud.

228 4033 398 4098 Einlcs'tunp.
