2586 4718
606 338 667 398 133

153 561 393 642 persequentur,
423 547 452 613 iu
478 545 541 637 ipsi
559 549 776 637 prosecutione
786 597 798 630 ,
821 550 868 616 sui
887 551 998 618 luroris
1014 564 1044 620 et
1063 576 1122 619 au-

121 697 122 700 *
153 672 219 737 xilii
237 664 444 761 patrocinium
463 665 631 742 exhihere'’
653 668 737 737 uelit.
841 640 850 662 l

157 941 164 950 ¹
200 912 267 978 llae
294 924 396 979 sutem
425 908 551 989 bullae,
584 908 656 976 licet
679 930 784 975 mense
802 908 877 998 Msji
896 908 986 974 datae
1004 921 1102 976 essent
1115 957 1126 990 ,

156 1030 194 1096 ad
221 1032 313 1097 linem
337 1042 482 1120 vergente
502 1049 584 1094 anno
603 1029 636 1093 in
656 1029 799 1117 Angliam
820 1027 944 1095 demum
964 1029 1124 1096 transmis-
1228 1032 1230 1038 ’

157 1123 239 1234 εδει,Ι
264 1151 310 1216 rel
341 1150 446 1214 saltem
483 1147 547 1213 illic
578 1148 789 1236 promulgatae
818 1147 910 1212 luisse
937 1147 1081 1214 ridentur
1098 1157 1125 1220 ¹.
1225 1126 1229 1133 ³

156 1272 313 1355 Quaenam
342 1268 433 1357 hujus
462 1265 618 1363 tlilationis
643 1267 738 1340 fuerit
768 1290 879 1348 eausa,
910 1280 1012 1332 utrum
1044 1290 1125 1336 mors

155 1388 293 1456 Eduardi
324 1388 389 1469 lll,
417 1386 467 1452 die
486 1392 524 1452 21
548 1388 639 1454 Junii
663 1387 890 1467 interveniens,
915 1410 954 1452 an
975 1388 1123 1470 uliares,

157 1510 340 1598 ignoramus.
388 1507 441 1575 Sic
471 1530 595 1597 quoque
623 1507 774 1603 incertum
804 1520 871 1588 est,
899 1529 973 1572 num
999 1508 1127 1598 epistola

154 1629 256 1718 Papae
283 1626 322 1692 sd
349 1625 531 1692 Eduardum
559 1600 665 1715 regem
694 1625 806 1692 tradita
833 1628 927 1694 fuerit
947 1626 1038 1718 hujus
1056 1651 1126 1695 suc·

156 1749 285 1817 cessori:
315 1745 425 1836 quodsi
455 1746 567 1813 tradita
587 1758 661 1826 est,⁴
680 1744 839 1812 Richardo
862 1745 1046 1813 adolescenti
1066 1765 1126 1836 pu·
1239 1791 1244 1800 -

155 1891 223 1934 rum
250 1890 341 1934 curae
369 1868 461 1933 luisse
485 1880 635 1957 apparet,
652 1865 805 1932 humanae
822 1865 923 1932 leudis·
941 1866 1017 1932 illud
1038 1889 1129 1956 prae·

156 1991 303 2068 conium,
327 1986 450 2052 diuinae
473 1986 686 2053 retributionis
705 1985 900 2072 praemium,
920 1984 1079 2051 Pontifiois
1097 1999 1129 2054 et

153 2107 232 2174 sedis
251 2104 445 2195 Apostolicae
464 2103 708 2168 benevolentiam
729 2104 896 2192 majorem,
920 2125 998 2192 quae
1017 2118 1128 2171 cu‘ucta

154 2224 319 2312 Gregorius
337 2222 412 2316 regi.
423 2220 558 2302 addixit,
579 2222 604 2287 si
623 2222 738 2289 faveret
757 2236 788 2290 et
805 2224 1051 2314 patrocinaretur
1068 2224 1128 2308 iis,

110 2413 122 2427 ,
156 2345 209 2432 qui
237 2341 338 2407 dicam
366 2340 506 2407 Wicliffo
537 2341 754 2431 impingerent.
802 2344 913 2432 Neque
939 2343 1128 2411 Universitas

157 2463 334 2532 Oroniensis
363 2473 485 2551 promta
513 2461 605 2526 fuisse
628 2460 751 2526 ridetur
773 2460 811 2526 ad
832 2460 1022 2554 exsequenda
1040 2484 1129 2527 man·

154 2583 226 2649 data
256 2580 431 2670 Apostolica
459 2578 600 2646 adversus
628 2581 714 2646 illum
734 2582 953 2670 professorem,
966 2630 968 2635 -
981 2581 1020 2647 de
1040 2587 1126 2672 cujus

156 2700 295 2769 doctrinis
313 2710 345 2764 et
363 2699 476 2764 rirtutc
494 2721 603 2786 magns
633 2714 698 2766 erat
726 2700 850 2790 opinio,
881 2701 996 2790 quique
1023 2703 1128 2770 multis

153 2824 187 2888 in
215 2842 309 2908 regno
333 2817 407 2883 riris
429 2818 624 2884 nobilissimis
647 2818 727 2885 bene
745 2819 904 2889 audiebat.
951 2822 1126 2890 Procura-

151 2924 258 3018 tores3
278 2942 348 3004 siue
371 2946 530 3017 rectores,
549 2939 592 3004 ait
606 2939 874 3029 Wolsinghamus,
890 2941 1010 3007 auditui
1023 2946 1129 3008 causo?

102 3069 108 3080 “
153 3061 309 3129 aduentus
337 3057 421 3122 dicti
436 3059 580 3146 papalis
607 3059 721 3121 nuncii
731 3106 741 3137 ,
760 3057 821 3121 diet
837 3061 872 3121 iu
884 3059 1031 3148 pendulo
1047 3061 1125 3126 ltue-

152 3181 285 3256 rebcul,
304 3184 414 3241 utrum
425 3175 584 3265 papalem
605 3175 726 3239 bullam
747 3175 896 3241 deberent
914 3200 984 3241 cum
1003 3177 1123 3246 honore
1239 3169 1242 3175 ¹

153 3302 318 3388 recepere,
338 3295 391 3359 uel
407 3297 564 3389 omniuo
583 3312 665 3358 oum
684 3292 877 3359 dedecoro
898 3297 1123 3383 refutcrc2.

147 3389 255 3495 'Invito
269 3413 393 3481 tandem
415 3413 498 3479 bulla
512 3410 736 3503 recipiebatur:
754 3412 846 3479 sirnul
860 3436 930 3480 roro
940 3414 1125 3508 sibipropo·
1150 3489 1152 3493 ,

132 3625 136 3632 ἡ
155 3535 248 3602 suisse
258 3533 378 3600 ridetur
387 3532 765 3616 Universitas‚eunctando
777 3535 899 3600 irritum
908 3535 1036 3601 reddere
1046 3537 1124 3604 illud

150 3651 354 3741 ,mandatum
384 3653 551 3719 secundom
570 3653 653 3744 quod
669 3654 824 3720 Wieliffus
844 3655 1010 3747 capiendus
1028 3672 1122 3747 atque

183 3868 421 3932 twauinghamus
453 3867 558 3928 scribit,
585 3866 680 3928 bullam
701 3826 826 3931 pupulum*
841 3869 983 3934 pervenisse
1006 3867 1131 3917 oxonium

212 3955 309 4020 paucis
333 3951 424 4001 dietus
446 3959 509 4000 onte
533 3951 624 4001 scutulo
647 3949 836 4002 Dominicums
854 3952 966 4002 indicare
984 3957 1068 4001 sutem
1086 3953 1127 4000 ri·
1197 4016 1200 4021 ι

211 4040 285 4090 detur
302 4051 396 4089 aunum
409 4033 490 4098 1378,
502 4037 528 4085 iu
537 4051 588 4100 quo
597 4039 664 4086 errat
675 4039 772 4113 auctor.
785 4034 835 4087 rid.
846 4051 872 4100 p.
882 4034 944 4086 201.
962 4060 993 4073 —
1005 4035 1016 4071 ²
1027 4052 1054 4102 p.
1065 4035 1129 4087 201.

1026 4449 1029 4452 ι
1110 4298 1205 4408 Ι
