2586 4718
652 309 716 371 218

193 526 310 594 entur
338 518 691 612 rsrsquuonmmseo
715 519 748 585 n
766 516 864 586 russas
886 493 1071 586 unsarans
1091 521 1182 617 uss-

191 640 282 729 toni,
308 645 342 712 in
368 641 515 709 mandato
540 640 777 731 Archiepiscopi
812 637 980 708 Gonrtnaei
1006 653 1039 709 et
1067 642 1180 712 edicto

190 770 272 857 regis
290 763 441 833 Richerdi
458 763 530 835 111.
577 761 870 830 commemorantur
884 763 980 829 etiam
996 763 1028 830 iu
1043 773 1179 854 polimn-

189 889 273 958 tibus
311 886 486 967 Chauceri,
523 896 554 951 ct
581 883 717 976 placita,
751 883 791 949 de
820 873 934 973 quibus
961 885 1176 952 controversia

188 1011 228 1077 iis
245 1023 311 1077 erat
330 1031 401 1076 oum
420 1004 608 1086 Pontificiis,
632 1005 714 1071 bene
732 1005 875 1094 cognosci
893 1017 1020 1096 possunt
1040 1025 1077 1070 er
1096 998 1176 1073 rass

117 1158 119 1167 ¹
190 1132 270 1199 ude
294 1131 446 1196 cratoris
474 1127 542 1214 (the
555 1127 766 1219 pleumuu'e
789 1123 898 1213 Tale),
918 1145 998 1214 quae
1016 1137 1089 1191 ante
1109 1126 1177 1193 Ri-

190 1249 300 1318 chardi
329 1247 362 1316 ll
390 1261 541 1328 mortem,
571 1246 620 1312 rel
639 1258 673 1312 ut
693 1244 747 1312 elii
765 1256 898 1336 putent,
916 1245 984 1333 jam
1002 1256 1076 1311 ante
1096 1242 1176 1312 obi-

188 1386 257 1441 tum
274 1369 432 1452 Wicliffi',
454 1369 628 1458 conscripta
646 1379 693 1433 est
710 1375 738 1436 ².
785 1365 865 1431 Tum
884 1385 957 1432 vero
975 1365 1072 1430 etiarn
1091 1366 1179 1435 Wi-

186 1467 286 1562 cliffus
303 1513 405 1559 mores
425 1512 532 1557 eorum
550 1489 673 1581 egregie
693 1487 840 1579 expressit
863 1488 896 1553 in
913 1490 1078 1579 opusculo:
1096 1489 1175 1557 Pro

186 1615 352 1706 egentibus
362 1612 571 1703 presbyteris
579 1657 590 1690 ,
611 1610 674 1676 sire
693 1609 736 1675 de
753 1610 868 1675 causis
886 1609 924 1674 ob
940 1633 1025 1700 quus
1031 1635 1176 1703 paupe-

186 1757 242 1801 res
271 1734 466 1826 presbyteri
493 1729 659 1818 beneficiis
686 1752 751 1796 nors
774 1729 927 1822 gaudent
954 1731 1049 1820 (why
1076 1732 1177 1800 Poor

184 1855 320 1924 Pniceis
336 1854 427 1935 ‚huno
446 1873 490 1918 uo
507 1850 686 1939 Beneficus)
706 1859 734 1922 ³.
782 1849 938 1918 Videntur
960 1852 1008 1917 illi
1020 1852 1173 1922 'Wicliffi

184 1974 334 2066 discipuli·
357 1973 500 2040 homines
526 1972 620 2040 fuisse
645 1971 800 2064 simplices
821 1984 851 2038 et
869 1971 1024 2055 modesti,
1048 1974 1173 2063 pietate

183 2109 215 2164 et
241 2116 364 2163 morum
391 2093 526 2184 quddam
555 2092 706 2182 grauitate
735 2094 892 2182 insigues,
925 2093 1109 2162 castimonii
1132 2109 1170 2164 et

183 2214 388 2307 temperantid
415 2236 448 2282 se
473 2213 629 2304 imprimis
651 2213 924 2296 commendantes3
950 2213 1074 2282 divitias
1093 2239 1170 2284 om-

181 2358 317 2427 nemque
341 2337 445 2402 lurum
470 2319 734 2426 aspernabantur,
752 2318 844 2400 rebus
862 2334 903 2399 ad
923 2333 1020 2401 ritem
1039 2349 1169 2404 susten-

180 2457 306 2526 tandam
332 2456 697 2524 necessariis-contenti:
730 2453 814 2521 unde
830 2456 1008 2523 vestimenti
1025 2457 1168 2548 quedam

179 2598 292 2669 genere
307 2577 457 2667 peculiari
475 2590 507 2646 et
529 2574 700 2644 admodum
718 2576 855 2668 simplici
872 2577 974 2647 induti
988 2577 1082 2646 fuisse
1098 2580 1168 2649 ric-

179 2712 310 2788 tumque
328 2718 476 2765 manuum
496 2699 604 2766 labore
619 2699 803 2788 quaesivisse
821 2698 979 2771 dicuntur.
1001 2700 1166 2790 -Maqnem

179 2833 283 2887 eutem
311 2833 431 2912 purtem
457 2820 569 2887 officiis
595 2819 782 2885 clericorum
811 2820 901 2910 fungi
928 2819 1088 2904 solebant,
1119 2823 1166 2892 in
1250 2867 1253 2871 -

176 2953 304 3024 temen,
333 2954 376 3008 ¹ut
403 2939 564 3009 beneficiis
587 2937 716 3028 quidem
745 2962 807 3007 non
837 2938 1028 3030 gauderent,
1056 2962 1164 3033 neqne

152 3045 271 3130 'nnius'
302 3062 469 3156 parochiae
502 3059 677 3142 ministerio
709 3081 741 3128 se
770 3062 912 3130 dicarent
924 3087 935 3146 ;
969 3064 1165 3152 vagabuntur

176 3204 250 3252 rere
270 3185 454 3276 plerumque
472 3203 530 3273 per
548 3181 646 3249 sarias
664 3184 753 3274 regni
771 3198 895 3275 partes,
919 3195 952 3254 et
970 3197 1036 3252 tem
1055 3184 1089 3251 in
1107 3206 1162 3252 ee·

137 3289 139 3293 ’
176 3303 268 3373 dibus
300 3304 414 3384 sacris,
436 3323 555 3394 ‚quamv
571 3305 604 3370 in
629 3305 697 3372 aliis
725 3305 820 3388 locis,
848 3315 943 3398 atque
975 3304 1059 3373 hand
1086 3329 1160 3376 roro

177 3427 236 3494 rub
263 3425 334 3506 dio,
367 3425 519 3492 orationes
548 3425 588 3492 ad
608 3439 825 3516 congregatam
844 3407 1079 3494 multitudinem
1099 3426 1170 3496 hs:

128 3561 131 3567 '
176 3545 306 3617 nebant.
362 3546 441 3615 Nam
469 3547 665 3615 abstinebant
675 3597 686 3628 ,
716 3561 760 3614 ut'
780 3571 817 3614 ex
844 3549 980 3616 Wicliffi
1008 3550 1160 3640 opusculo

176 3664 269 3734 modo
286 3663 411 3735 laudato
429 3669 670 3761 comperimus,
687 3667 727 3735 ab
745 3668 891 3736 omnibus
910 3653 1071 3739 benelioiis
1089 3670 1159 3737 Ec-

205 3887 215 3922 ¹
240 3857 298 3945 vid,
315 3903 407 3953 supra,
427 3842 541 3951 pslte,
561 3884 611 3936 189
621 3887 649 3935 et
661 3845 720 3934 led.
738 3907 773 3920 -
788 3884 803 3955 ι’
819 3885 877 3937 vid.
899 3887 1031 3951 Vaughan.
1051 3885 1109 3938 vol.
1123 3888 1163 3941 11.
1276 3935 1277 3938 ,

161 4032 162 4035 ¹
229 3975 260 4035 ²p.
275 3968 324 4021 157
334 3985 393 4034 sqq.
409 3982 444 4008 -ὲ-
461 3969 472 4006 ¹
491 3968 612 4020 Lewieiur
623 3968 653 4018 'in
666 3974 746 4034 'erpere
762 3983 807 4018 eno
826 3969 907 4021 edidit
925 3971 990 4021 illud
1006 3974 1162 4038 opusculum

182 4100 185 4106 .
224 4070 268 4104 er
286 4055 335 4109 ns,
355 4053 450 4119 Angl,
469 4054 497 4104 in
512 4054 541 4106 G.
564 4053 592 4104 G.
612 4054 642 4105 G.
660 4052 780 4106 Cantabr.
799 4055 857 4108 vid.
877 4063 903 4122 p.
922 4055 1070 4110 287-298.
