<?xml version="1.0" encoding="UTF-8"?>
<!DOCTYPE html PUBLIC "-//W3C//DTD XHTML 1.0 Transitional//EN"
    "http://www.w3.org/TR/xhtml1/DTD/xhtml1-transitional.dtd">
<html xmlns="http://www.w3.org/1999/xhtml" xml:lang="en" lang="en">
 <head>
  <title>
</title>
<meta http-equiv="Content-Type" content="text/html;charset=utf-8" />
  <meta name='ocr-system' content='tesseract 3.04.00' />
  <meta name='ocr-capabilities' content='ocr_page ocr_carea ocr_par ocr_line ocrx_word'/>
</head>
<body>
  <div class='ocr_page' id='page_1' title='image "./diatribeinjohan00unkngoog_0186.png"; bbox 0 0 2586 4718; ppageno 0'>
   <div class='ocr_carea' id='block_1_1' title="bbox 568 341 627 402">
    <p class='ocr_par' dir='ltr' id='par_1_1' title="bbox 568 341 627 402">
     <span class='ocr_line' id='line_1_1' title="bbox 568 341 627 402; baseline 0 -1"><span class='ocrx_word' id='word_1_1' title='bbox 568 341 627 402; x_wconf 80' lang='lat'><em>165</em></span> 
     </span>
    </p>
   </div>
   <div class='ocr_carea' id='block_1_2' title="bbox 12 551 1116 2452">
    <p class='ocr_par' dir='ltr' id='par_1_2' title="bbox 12 551 1116 2452">
     <span class='ocr_line' id='line_1_2' title="bbox 104 551 1079 647; baseline 0.001 -26"><span class='ocrx_word' id='word_1_2' title='bbox 104 558 254 647; x_wconf 84' lang='lat' dir='ltr'><em>Spiritus</em></span> <span class='ocrx_word' id='word_1_3' title='bbox 273 552 416 619; x_wconf 89' lang='lat' dir='ltr'><em>Sanctus</em></span> <span class='ocrx_word' id='word_1_4' title='bbox 434 551 525 617; x_wconf 91' lang='lat' dir='ltr'><em>dedit</em></span> <span class='ocrx_word' id='word_1_5' title='bbox 544 556 591 616; x_wconf 88' lang='lat' dir='ltr'><em>iis</em></span> <span class='ocrx_word' id='word_1_6' title='bbox 612 555 751 616; x_wconf 75' lang='lat' dir='ltr'><em>ommam</em></span> <span class='ocrx_word' id='word_1_7' title='bbox 770 554 964 642; x_wconf 82' lang='lat' dir='ltr'><em>linguarum</em></span> <span class='ocrx_word' id='word_1_8' title='bbox 985 565 1079 628; x_wconf 50' lang='lat' dir='ltr'><em>notis</em></span> 
     </span>
     <span class='ocr_line' id='line_1_3' title="bbox 101 672 1078 762; baseline 0.003 -24"><span class='ocrx_word' id='word_1_9' title='bbox 101 680 194 743; x_wconf 77' lang='lat' dir='ltr'><em>uam.</em></span> <span class='ocrx_word' id='word_1_10' title='bbox 220 709 221 712; x_wconf 35' lang='lat'>¹</span> <span class='ocrx_word' id='word_1_11' title='bbox 261 672 372 760; x_wconf 79' lang='lat' dir='ltr'><em>¹Quare</em></span> <span class='ocrx_word' id='word_1_12' title='bbox 400 675 509 762; x_wconf 80' lang='lat' dir='ltr'><em>igi&#39;tnr</em></span> <span class='ocrx_word' id='word_1_13' title='bbox 536 695 599 736; x_wconf 88' lang='lat' dir='ltr'><em>non</em></span> <span class='ocrx_word' id='word_1_14' title='bbox 627 672 740 736; x_wconf 78' lang='lat' dir='ltr'><em>deberet</em></span> <span class='ocrx_word' id='word_1_15' title='bbox 767 672 915 738; x_wconf 83' lang='lat' dir='ltr'><em>moderni</em></span> <span class='ocrx_word' id='word_1_16' title='bbox 946 675 1078 742; x_wconf 78' lang='lat' dir='ltr'><em>Christi</em></span> 
     </span>
     <span class='ocr_line' id='line_1_4' title="bbox 17 794 1074 886; baseline 0.002 -26"><span class='ocrx_word' id='word_1_17' title='bbox 17 866 20 873; x_wconf 53' lang='grc'><strong>,</strong></span> <span class='ocrx_word' id='word_1_18' title='bbox 104 796 261 886; x_wconf 75' lang='lat' dir='ltr'><em>discipuli</em></span> <span class='ocrx_word' id='word_1_19' title='bbox 288 794 328 859; x_wconf 90' lang='lat' dir='ltr'><em>de</em></span> <span class='ocrx_word' id='word_1_20' title='bbox 352 794 459 860; x_wconf 89' lang='lat' dir='ltr'><em>eodem</em></span> <span class='ocrx_word' id='word_1_21' title='bbox 475 816 569 882; x_wconf 87' lang='lat' dir='ltr'><em>pane</em></span> <span class='ocrx_word' id='word_1_22' title='bbox 586 795 788 884; x_wconf 82' lang='lat' dir='ltr'><em>fragmenta</em></span> <span class='ocrx_word' id='word_1_23' title='bbox 815 797 996 886; x_wconf 78' lang='lat' dir='ltr'><em>colligere,</em></span> <span class='ocrx_word' id='word_1_24' title='bbox 1023 806 1074 877; x_wconf 89' lang='lat' dir='ltr'><em>et,</em></span> 
     </span>
     <span class='ocr_line' id='line_1_5' title="bbox 104 909 1079 1005; baseline 0 -25"><span class='ocrx_word' id='word_1_25' title='bbox 104 918 232 981; x_wconf 92' lang='lat' dir='ltr'><em>clarius</em></span> <span class='ocrx_word' id='word_1_26' title='bbox 259 938 321 1005; x_wconf 87' lang='lat' dir='ltr'><em>quo</em></span> <span class='ocrx_word' id='word_1_27' title='bbox 348 917 536 994; x_wconf 82' lang='lat' dir='ltr'><em>sciuerunt,</em></span> <span class='ocrx_word' id='word_1_28' title='bbox 551 909 554 915; x_wconf 71' lang='grc'><strong>’</strong></span> <span class='ocrx_word' id='word_1_29' title='bbox 555 915 682 1004; x_wconf 77' lang='lat' dir='ltr'><em>populo</em></span> <span class='ocrx_word' id='word_1_30' title='bbox 701 915 870 1005; x_wconf 81' lang='lat' dir='ltr'><em>detegere,</em></span> <span class='ocrx_word' id='word_1_31' title='bbox 896 916 1079 981; x_wconf 74' lang='lat' dir='ltr'><em>sicuttibi?</em></span> 
     </span>
     <span class='ocr_line' id='line_1_6' title="bbox 104 1033 1080 1127; baseline 0.001 -26"><span class='ocrx_word' id='word_1_32' title='bbox 104 1036 179 1102; x_wconf 79' lang='lat' dir='ltr'><em>Non</em></span> <span class='ocrx_word' id='word_1_33' title='bbox 206 1038 289 1100; x_wconf 90' lang='lat' dir='ltr'><em>enim</em></span> <span class='ocrx_word' id='word_1_34' title='bbox 319 1043 368 1099; x_wconf 92' lang='lat' dir='ltr'><em>est</em></span> <span class='ocrx_word' id='word_1_35' title='bbox 380 1035 478 1122; x_wconf 78' lang='lat' dir='ltr'><em>fictio</em></span> <span class='ocrx_word' id='word_1_36' title='bbox 495 1037 565 1097; x_wconf 92' lang='lat' dir='ltr'><em>nisi</em></span> <span class='ocrx_word' id='word_1_37' title='bbox 579 1033 749 1120; x_wconf 75' lang='lat' dir='ltr'><em>infidelis,</em></span> <span class='ocrx_word' id='word_1_38' title='bbox 770 1037 907 1101; x_wconf 88' lang='lat' dir='ltr'><em>uolentis</em></span> <span class='ocrx_word' id='word_1_39' title='bbox 927 1034 1080 1127; x_wconf 85' lang='lat' dir='ltr'><em>Spiritui</em></span> 
     </span>
     <span class='ocr_line' id='line_1_7' title="bbox 12 1152 1081 1246; baseline -0.002 -23"><span class='ocrx_word' id='word_1_40' title='bbox 12 1210 13 1213; x_wconf 15' lang='grc' dir='ltr'>η</span> <span class='ocrx_word' id='word_1_41' title='bbox 106 1155 229 1223; x_wconf 88' lang='lat' dir='ltr'><em>Sancto</em></span> <span class='ocrx_word' id='word_1_42' title='bbox 257 1159 423 1224; x_wconf 89' lang='lat' dir='ltr'><em>resistere.</em></span> <span class='ocrx_word' id='word_1_43' title='bbox 454 1152 515 1219; x_wconf 79' lang='lat' dir='ltr'><em>&#39;In</em></span> <span class='ocrx_word' id='word_1_44' title='bbox 544 1154 673 1245; x_wconf 78' lang='lat' dir='ltr'><em>duplici</em></span> <span class='ocrx_word' id='word_1_45' title='bbox 699 1158 807 1245; x_wconf 81' lang='lat' dir='ltr'><em>igitur</em></span> <span class='ocrx_word' id='word_1_46' title='bbox 828 1156 945 1246; x_wconf 72' lang='lat' dir='ltr'><em>lingui</em></span> <span class='ocrx_word' id='word_1_47' title='bbox 957 1204 967 1237; x_wconf 96' lang='lat'><em>,</em></span> <span class='ocrx_word' id='word_1_48' title='bbox 988 1157 1081 1244; x_wconf 86' lang='lat' dir='ltr'><em>cnjus</em></span> 
     </span>
     <span class='ocr_line' id='line_1_8' title="bbox 105 1273 1116 1368; baseline -0.002 -25"><span class='ocrx_word' id='word_1_49' title='bbox 105 1275 259 1368; x_wconf 80' lang='lat' dir='ltr'><em>Spiritus</em></span> <span class='ocrx_word' id='word_1_50' title='bbox 288 1281 440 1351; x_wconf 76' lang='lat' dir='ltr'><em>Sanetus¹</em></span> <span class='ocrx_word' id='word_1_51' title='bbox 459 1273 553 1339; x_wconf 92' lang='lat' dir='ltr'><em>dedit</em></span> <span class='ocrx_word' id='word_1_52' title='bbox 580 1280 751 1354; x_wconf 81' lang='lat' dir='ltr'><em>notitiam,</em></span> <span class='ocrx_word' id='word_1_53' title='bbox 782 1284 830 1340; x_wconf 89' lang='lat' dir='ltr'><em>est</em></span> <span class='ocrx_word' id='word_1_54' title='bbox 839 1276 932 1364; x_wconf 82' lang='lat' dir='ltr'><em>fides</em></span> <span class='ocrx_word' id='word_1_55' title='bbox 955 1277 1086 1345; x_wconf 75' lang='lat' dir='ltr'><em>Christi</em></span> <span class='ocrx_word' id='word_1_56' title='bbox 1114 1334 1116 1341; x_wconf 20' lang='grc' dir='ltr'><em>Α</em></span> 
     </span>
     <span class='ocr_line' id='line_1_9' title="bbox 98 1380 1084 1492; baseline 0 -30"><span class='ocrx_word' id='word_1_57' title='bbox 98 1400 225 1489; x_wconf 87' lang='lat' dir='ltr'><em>populo</em></span> <span class='ocrx_word' id='word_1_58' title='bbox 255 1396 452 1466; x_wconf 78' lang='lat' dir='ltr'><em>reseranda.</em></span> <span class='ocrx_word' id='word_1_59' title='bbox 485 1380 488 1387; x_wconf 46' lang='grc'><strong>’</strong></span> <span class='ocrx_word' id='word_1_60' title='bbox 508 1393 698 1477; x_wconf 84' lang='lat' dir='ltr'><em>Similiter,</em></span> <span class='ocrx_word' id='word_1_61' title='bbox 728 1419 799 1461; x_wconf 91' lang='lat' dir='ltr'><em>cum</em></span> <span class='ocrx_word' id='word_1_62' title='bbox 819 1419 860 1461; x_wconf 80' lang='lat' dir='ltr'><em>en</em></span> <span class='ocrx_word' id='word_1_63' title='bbox 870 1396 967 1484; x_wconf 85' lang='lat' dir='ltr'><em>fide,</em></span> <span class='ocrx_word' id='word_1_64' title='bbox 985 1420 1084 1492; x_wconf 74' lang='lat' dir='ltr'><em>otram</em></span> 
     </span>
     <span class='ocr_line' id='line_1_10' title="bbox 101 1514 1082 1607; baseline -0.002 -23"><span class='ocrx_word' id='word_1_65' title='bbox 101 1519 193 1584; x_wconf 88' lang='lat' dir='ltr'><em>docet</em></span> <span class='ocrx_word' id='word_1_66' title='bbox 231 1516 431 1607; x_wconf 79' lang='lat' dir='ltr'><em>Apostolus,-</em></span> <span class='ocrx_word' id='word_1_67' title='bbox 469 1519 491 1582; x_wconf 68' lang='lat' dir='ltr'><em>l</em></span> <span class='ocrx_word' id='word_1_68' title='bbox 533 1517 612 1586; x_wconf 88' lang='lat' dir='ltr'><em>Cor.</em></span> <span class='ocrx_word' id='word_1_69' title='bbox 650 1516 707 1598; x_wconf 90' lang='lat' dir='ltr'><em>V,</em></span> <span class='ocrx_word' id='word_1_70' title='bbox 753 1514 919 1607; x_wconf 83' lang='lat' dir='ltr'><em>Oportet</em></span> <span class='ocrx_word' id='word_1_71' title='bbox 957 1541 1082 1583; x_wconf 85' lang='lat' dir='ltr'><em>omnes</em></span> 
     </span>
     <span class='ocr_line' id='line_1_11' title="bbox 108 1638 1080 1727; baseline -0.004 -19"><span class='ocrx_word' id='word_1_72' title='bbox 108 1639 372 1727; x_wconf 75' lang='lat' dir='ltr'><em>Christianos</em></span> <span class='ocrx_word' id='word_1_73' title='bbox 407 1645 532 1714; x_wconf 84' lang='lat' dir='ltr'><em>stare</em></span> <span class='ocrx_word' id='word_1_74' title='bbox 555 1646 651 1703; x_wconf 90' lang='lat' dir='ltr'><em>ante</em></span> <span class='ocrx_word' id='word_1_75' title='bbox 680 1639 865 1703; x_wconf 86' lang='lat' dir='ltr'><em>tribunal</em></span> <span class='ocrx_word' id='word_1_76' title='bbox 899 1638 1080 1720; x_wconf 76' lang='lat' dir='ltr'><em>Christi,</em></span> 
     </span>
     <span class='ocr_line' id='line_1_12' title="bbox 23 1760 1084 1852; baseline 0 -27"><span class='ocrx_word' id='word_1_77' title='bbox 23 1806 25 1810; x_wconf 30' lang='grc' dir='ltr'><em>ψ</em></span> <span class='ocrx_word' id='word_1_78' title='bbox 103 1768 134 1825; x_wconf 90' lang='lat' dir='ltr'><em>et</em></span> <span class='ocrx_word' id='word_1_79' title='bbox 164 1762 228 1825; x_wconf 89' lang='lat' dir='ltr'><em>sibi</em></span> <span class='ocrx_word' id='word_1_80' title='bbox 247 1783 317 1851; x_wconf 87' lang='lat' dir='ltr'><em>pro</em></span> <span class='ocrx_word' id='word_1_81' title='bbox 344 1762 490 1826; x_wconf 88' lang='lat' dir='ltr'><em>omnibus</em></span> <span class='ocrx_word' id='word_1_82' title='bbox 513 1762 624 1839; x_wconf 76' lang='lat' dir='ltr'><em>bones,</em></span> <span class='ocrx_word' id='word_1_83' title='bbox 650 1782 734 1849; x_wconf 85' lang='lat' dir='ltr'><em>quae</em></span> <span class='ocrx_word' id='word_1_84' title='bbox 751 1760 809 1825; x_wconf 91' lang='lat' dir='ltr'><em>illi</em></span> <span class='ocrx_word' id='word_1_85' title='bbox 831 1760 974 1852; x_wconf 83' lang='lat' dir='ltr'><em>dederat</em></span> <span class='ocrx_word' id='word_1_86' title='bbox 986 1810 995 1841; x_wconf 90' lang='lat'><em>,</em></span> <span class='ocrx_word' id='word_1_87' title='bbox 1027 1784 1084 1841; x_wconf 49' lang='lat' dir='ltr'><em>ref</em></span> 
     </span>
     <span class='ocr_line' id='line_1_13' title="bbox 103 1880 1085 1972; baseline -0.001 -26"><span class='ocrx_word' id='word_1_88' title='bbox 103 1883 286 1972; x_wconf 85' lang='lat' dir='ltr'><em>spondere,</em></span> <span class='ocrx_word' id='word_1_89' title='bbox 304 1903 434 1947; x_wconf 81' lang='lat' dir='ltr'><em>necesse</em></span> <span class='ocrx_word' id='word_1_90' title='bbox 453 1888 503 1944; x_wconf 90' lang='lat' dir='ltr'><em>est</em></span> <span class='ocrx_word' id='word_1_91' title='bbox 522 1881 784 1966; x_wconf 80' lang='lat' dir='ltr'><em>monetosfideles</em></span> <span class='ocrx_word' id='word_1_92' title='bbox 799 1880 881 1944; x_wconf 86' lang='lat' dir='ltr'><em>bona</em></span> <span class='ocrx_word' id='word_1_93' title='bbox 891 1881 955 1945; x_wconf 92' lang='lat' dir='ltr'><em>illa</em></span> <span class='ocrx_word' id='word_1_94' title='bbox 965 1888 1085 1945; x_wconf 84' lang='lat' dir='ltr'><em>elusus</em></span> 
     </span>
     <span class='ocr_line' id='line_1_14' title="bbox 106 2000 1086 2089; baseline -0.002 -23"><span class='ocrx_word' id='word_1_95' title='bbox 106 2004 243 2068; x_wconf 80' lang='lat' dir='ltr'><em>illorum</em></span> <span class='ocrx_word' id='word_1_96' title='bbox 260 2000 470 2089; x_wconf 77' lang='lat' dir='ltr'><em>coquoscere,</em></span> <span class='ocrx_word' id='word_1_97' title='bbox 490 2008 526 2061; x_wconf 87' lang='lat' dir='ltr'><em>ut</em></span> <span class='ocrx_word' id='word_1_98' title='bbox 546 2001 719 2084; x_wconf 84' lang='lat' dir='ltr'><em>responsio</em></span> <span class='ocrx_word' id='word_1_99' title='bbox 734 2006 993 2086; x_wconf 89' lang='lat' dir='ltr'><em>tuncpatescat,·</em></span> <span class='ocrx_word' id='word_1_100' title='bbox 1014 2023 1086 2064; x_wconf 91' lang='lat' dir='ltr'><em>cum</em></span> 
     </span>
     <span class='ocr_line' id='line_1_15' title="bbox 105 2116 1084 2210; baseline 0 -25"><span class='ocrx_word' id='word_1_101' title='bbox 105 2123 277 2210; x_wconf 85' lang='lat' dir='ltr'><em>responsio</em></span> <span class='ocrx_word' id='word_1_102' title='bbox 298 2140 366 2207; x_wconf 84' lang='lat' dir='ltr'><em>per</em></span> <span class='ocrx_word' id='word_1_103' title='bbox 383 2116 604 2195; x_wconf 84' lang='lat' dir='ltr'><em>Praelatum,</em></span> <span class='ocrx_word' id='word_1_104' title='bbox 628 2118 681 2180; x_wconf 85' lang='lat' dir='ltr'><em>nel</em></span> <span class='ocrx_word' id='word_1_105' title='bbox 697 2125 902 2182; x_wconf 89' lang='lat' dir='ltr'><em>attornatum</em></span> <span class='ocrx_word' id='word_1_106' title='bbox 924 2118 1084 2209; x_wconf 77' lang='lat' dir='ltr'><em>(procura-</em></span> 
     </span>
     <span class='ocr_line' id='line_1_16' title="bbox 103 2233 1084 2331; baseline 0.003 -27"><span class='ocrx_word' id='word_1_107' title='bbox 103 2240 235 2324; x_wconf 79' lang='lat' dir='ltr'><em>torem),</em></span> <span class='ocrx_word' id='word_1_108' title='bbox 264 2246 341 2302; x_wconf 93' lang='lat' dir='ltr'><em>tunc</em></span> <span class='ocrx_word' id='word_1_109' title='bbox 366 2258 432 2300; x_wconf 87' lang='lat' dir='ltr'><em>non</em></span> <span class='ocrx_word' id='word_1_110' title='bbox 462 2235 594 2303; x_wconf 83' lang='lat' dir='ltr'><em>valebit.</em></span> <span class='ocrx_word' id='word_1_111' title='bbox 652 2233 724 2302; x_wconf 88' lang='lat' dir='ltr'><em>Sed</em></span> <span class='ocrx_word' id='word_1_112' title='bbox 741 2246 884 2326; x_wconf 89' lang='lat' dir='ltr'><em>oportet,</em></span> <span class='ocrx_word' id='word_1_113' title='bbox 902 2242 995 2331; x_wconf 82' lang='lat' dir='ltr'><em>quod</em></span> <span class='ocrx_word' id='word_1_114' title='bbox 1008 2250 1084 2327; x_wconf 86' lang='lat' dir='ltr'><em>tunc</em></span> 
     </span>
     <span class='ocr_line' id='line_1_17' title="bbox 102 2357 1084 2452; baseline 0.003 -29"><span class='ocrx_word' id='word_1_115' title='bbox 102 2358 235 2447; x_wconf 85' lang='lat' dir='ltr'><em>quilibet</em></span> <span class='ocrx_word' id='word_1_116' title='bbox 261 2360 299 2421; x_wconf 90' lang='lat' dir='ltr'><em>in</em></span> <span class='ocrx_word' id='word_1_117' title='bbox 309 2361 460 2448; x_wconf 73' lang='lat' dir='ltr'><em>proprii</em></span> <span class='ocrx_word' id='word_1_118' title='bbox 472 2357 623 2448; x_wconf 75' lang='lat' dir='ltr'><em>personet</em></span> <span class='ocrx_word' id='word_1_119' title='bbox 641 2357 861 2446; x_wconf 85' lang='lat' dir='ltr'><em>respondebit.</em></span> <span class='ocrx_word' id='word_1_120' title='bbox 915 2358 995 2426; x_wconf 91' lang='lat' dir='ltr'><em>Cum</em></span> <span class='ocrx_word' id='word_1_121' title='bbox 1014 2366 1084 2452; x_wconf 77' lang='lat' dir='ltr'><em>igi·</em></span> 
     </span>
    </p>
   </div>
   <div class='ocr_carea' id='block_1_3' title="bbox 101 2479 1197 2569">
    <p class='ocr_par' dir='ltr' id='par_1_3' title="bbox 101 2479 1197 2569">
     <span class='ocr_line' id='line_1_18' title="bbox 101 2479 1197 2569; baseline 0 -24"><span class='ocrx_word' id='word_1_122' title='bbox 101 2489 158 2545; x_wconf 89' lang='lat' dir='ltr'><em>tur</em></span> <span class='ocrx_word' id='word_1_123' title='bbox 181 2479 272 2546; x_wconf 79' lang='lat' dir='ltr'><em>Bous</em></span> <span class='ocrx_word' id='word_1_124' title='bbox 300 2479 433 2544; x_wconf 90' lang='lat' dir='ltr'><em>dederit</em></span> <span class='ocrx_word' id='word_1_125' title='bbox 462 2487 531 2542; x_wconf 89' lang='lat' dir='ltr'><em>tam</em></span> <span class='ocrx_word' id='word_1_126' title='bbox 558 2479 717 2556; x_wconf 79' lang='lat' dir='ltr'><em>clericis,</em></span> <span class='ocrx_word' id='word_1_127' title='bbox 737 2500 835 2566; x_wconf 87' lang='lat' dir='ltr'><em>quam</em></span> <span class='ocrx_word' id='word_1_128' title='bbox 855 2479 979 2560; x_wconf 91' lang='lat' dir='ltr'><em>laicis,</em></span> <span class='ocrx_word' id='word_1_129' title='bbox 999 2486 1084 2547; x_wconf 88' lang='lat' dir='ltr'><em>noti·</em></span> <span class='ocrx_word' id='word_1_130' title='bbox 1194 2564 1197 2569; x_wconf 28' lang='grc' dir='ltr'>Ι</span> 
     </span>
    </p>
   </div>
   <div class='ocr_carea' id='block_1_4' title="bbox 88 2599 1083 3536">
    <p class='ocr_par' dir='ltr' id='par_1_4' title="bbox 88 2599 1083 3051">
     <span class='ocr_line' id='line_1_19' title="bbox 102 2599 1083 2688; baseline 0.002 -23"><span class='ocrx_word' id='word_1_131' title='bbox 102 2604 184 2666; x_wconf 90' lang='lat' dir='ltr'><em>tiam</em></span> <span class='ocrx_word' id='word_1_132' title='bbox 203 2600 295 2688; x_wconf 83' lang='lat' dir='ltr'><em>fidei</em></span> <span class='ocrx_word' id='word_1_133' title='bbox 321 2600 371 2664; x_wconf 88' lang='lat' dir='ltr'><em>ad</em></span> <span class='ocrx_word' id='word_1_134' title='bbox 397 2600 482 2664; x_wconf 77' lang='lat' dir='ltr'><em>hurtc</em></span> <span class='ocrx_word' id='word_1_135' title='bbox 500 2600 627 2686; x_wconf 78' lang='lat' dir='ltr'><em>finem,</em></span> <span class='ocrx_word' id='word_1_136' title='bbox 656 2608 693 2662; x_wconf 85' lang='lat' dir='ltr'><em>ut</em></span> <span class='ocrx_word' id='word_1_137' title='bbox 719 2600 849 2662; x_wconf 88' lang='lat' dir='ltr'><em>clarius</em></span> <span class='ocrx_word' id='word_1_138' title='bbox 872 2599 1030 2682; x_wconf 86' lang='lat' dir='ltr'><em>doceant,</em></span> <span class='ocrx_word' id='word_1_139' title='bbox 1052 2612 1083 2667; x_wconf 92' lang='lat' dir='ltr'><em>et</em></span> 
     </span>
     <span class='ocr_line' id='line_1_20' title="bbox 88 2721 1083 2812; baseline -0.004 -25"><span class='ocrx_word' id='word_1_140' title='bbox 88 2723 245 2811; x_wconf 86' lang='lat' dir='ltr'><em>fideliler</em></span> <span class='ocrx_word' id='word_1_141' title='bbox 264 2728 439 2812; x_wconf 85' lang='lat' dir='ltr'><em>operentur</em></span> <span class='ocrx_word' id='word_1_142' title='bbox 449 2741 518 2810; x_wconf 91' lang='lat' dir='ltr'><em>per</em></span> <span class='ocrx_word' id='word_1_143' title='bbox 537 2740 629 2784; x_wconf 88' lang='lat' dir='ltr'><em>eam:</em></span> <span class='ocrx_word' id='word_1_144' title='bbox 653 2721 781 2784; x_wconf 90' lang='lat' dir='ltr'><em>clarum</em></span> <span class='ocrx_word' id='word_1_145' title='bbox 800 2728 866 2798; x_wconf 88' lang='lat' dir='ltr'><em>est,</em></span> <span class='ocrx_word' id='word_1_146' title='bbox 888 2722 978 2810; x_wconf 78' lang='lat' dir='ltr'><em>quod</em></span> <span class='ocrx_word' id='word_1_147' title='bbox 992 2722 1083 2789; x_wconf 82' lang='lat' dir='ltr'><em>Dens</em></span> 
     </span>
     <span class='ocr_line' id='line_1_21' title="bbox 101 2831 1080 2930; baseline -0.001 -21"><span class='ocrx_word' id='word_1_148' title='bbox 101 2848 138 2909; x_wconf 88' lang='lat' dir='ltr'><em>in</em></span> <span class='ocrx_word' id='word_1_149' title='bbox 157 2831 211 2908; x_wconf 91' lang='lat' dir='ltr'><em>die</em></span> <span class='ocrx_word' id='word_1_150' title='bbox 219 2842 353 2928; x_wconf 86' lang='lat' dir='ltr'><em>judicii</em></span> <span class='ocrx_word' id='word_1_151' title='bbox 367 2843 516 2930; x_wconf 86' lang='lat' dir='ltr'><em>requiret</em></span> <span class='ocrx_word' id='word_1_152' title='bbox 532 2848 656 2905; x_wconf 91' lang='lat' dir='ltr'><em>certum</em></span> <span class='ocrx_word' id='word_1_153' title='bbox 672 2848 853 2930; x_wconf 90' lang='lat' dir='ltr'><em>computum</em></span> <span class='ocrx_word' id='word_1_154' title='bbox 871 2841 912 2906; x_wconf 91' lang='lat' dir='ltr'><em>de</em></span> <span class='ocrx_word' id='word_1_155' title='bbox 924 2865 986 2906; x_wconf 89' lang='lat' dir='ltr'><em>usu</em></span> <span class='ocrx_word' id='word_1_156' title='bbox 1001 2847 1080 2909; x_wconf 87' lang='lat' dir='ltr'><em>isto·</em></span> 
     </span>
     <span class='ocr_line' id='line_1_22' title="bbox 98 2958 1078 3051; baseline -0.001 -21"><span class='ocrx_word' id='word_1_157' title='bbox 98 2987 172 3030; x_wconf 84' lang='lat' dir='ltr'><em>rum</em></span> <span class='ocrx_word' id='word_1_158' title='bbox 181 2965 346 3043; x_wconf 91' lang='lat' dir='ltr'><em>bonorum,</em></span> <span class='ocrx_word' id='word_1_159' title='bbox 356 2960 513 3051; x_wconf 81' lang='lat' dir='ltr'><em>quomodo</em></span> <span class='ocrx_word' id='word_1_160' title='bbox 527 2961 695 3026; x_wconf 87' lang='lat' dir='ltr'><em>dabantur</em></span> <span class='ocrx_word' id='word_1_161' title='bbox 692 2960 848 3048; x_wconf 83' lang='lat' dir='ltr'><em>fideliter</em></span> <span class='ocrx_word' id='word_1_162' title='bbox 865 2958 916 3026; x_wconf 83' lang='lat' dir='ltr'><em>ad</em></span> <span class='ocrx_word' id='word_1_163' title='bbox 930 2986 1078 3035; x_wconf 87' lang='lat' dir='ltr'><em>usuram.</em></span> 
     </span>
    </p>

    <p class='ocr_par' dir='ltr' id='par_1_5' title="bbox 95 3070 1081 3536">
     <span class='ocr_line' id='line_1_23' title="bbox 141 3070 1081 3174; baseline -0.004 -21"><span class='ocrx_word' id='word_1_164' title='bbox 141 3086 212 3154; x_wconf 86' lang='lat' dir='ltr'><em>Non</em></span> <span class='ocrx_word' id='word_1_165' title='bbox 231 3105 355 3174; x_wconf 87' lang='lat' dir='ltr'><em>possum</em></span> <span class='ocrx_word' id='word_1_166' title='bbox 374 3104 437 3147; x_wconf 91' lang='lat' dir='ltr'><em>non</em></span> <span class='ocrx_word' id='word_1_167' title='bbox 456 3081 489 3143; x_wconf 90' lang='lat' dir='ltr'><em>in</em></span> <span class='ocrx_word' id='word_1_168' title='bbox 507 3079 686 3168; x_wconf 78' lang='lat' dir='ltr'><em>gravissimo</em></span> <span class='ocrx_word' id='word_1_169' title='bbox 706 3070 766 3144; x_wconf 88' lang='lat' dir='ltr'><em>hoo</em></span> <span class='ocrx_word' id='word_1_170' title='bbox 785 3092 966 3168; x_wconf 78' lang='lat' dir='ltr'><em>argumento</em></span> <span class='ocrx_word' id='word_1_171' title='bbox 987 3084 1081 3171; x_wconf 81' lang='lat' dir='ltr'><em>poulo</em></span> 
     </span>
     <span class='ocr_line' id='line_1_24' title="bbox 97 3173 1080 3280; baseline -0.004 -8"><span class='ocrx_word' id='word_1_172' title='bbox 97 3205 215 3272; x_wconf 79' lang='lat' dir='ltr'><em>diutius</em></span> <span class='ocrx_word' id='word_1_173' title='bbox 248 3203 378 3280; x_wconf 70' lang='lat' dir='ltr'><em>haerere</em></span> <span class='ocrx_word' id='word_1_174' title='bbox 412 3212 443 3266; x_wconf 82' lang='lat' dir='ltr'><em>et</em></span> <span class='ocrx_word' id='word_1_175' title='bbox 477 3173 674 3265; x_wconf 84' lang='lat' dir='ltr'><em>commorari.</em></span> <span class='ocrx_word' id='word_1_176' title='bbox 731 3186 825 3264; x_wconf 77' lang='lat' dir='ltr'><em>Juvat</em></span> <span class='ocrx_word' id='word_1_177' title='bbox 858 3198 976 3265; x_wconf 84' lang='lat' dir='ltr'><em>ideirco</em></span> <span class='ocrx_word' id='word_1_178' title='bbox 1005 3202 1080 3269; x_wconf 77' lang='lat' dir='ltr'><em>alios</em></span> 
     </span>
     <span class='ocr_line' id='line_1_25' title="bbox 95 3318 1080 3411; baseline -0.006 -18"><span class='ocrx_word' id='word_1_179' title='bbox 95 3327 257 3394; x_wconf 87' lang='lat' dir='ltr'><em>nonnullos</em></span> <span class='ocrx_word' id='word_1_180' title='bbox 285 3346 321 3391; x_wconf 86' lang='lat' dir='ltr'><em>ex</em></span> <span class='ocrx_word' id='word_1_181' title='bbox 350 3320 472 3410; x_wconf 81' lang='lat' dir='ltr'><em>scriptis</em></span> <span class='ocrx_word' id='word_1_182' title='bbox 498 3319 633 3386; x_wconf 86' lang='lat' dir='ltr'><em>Wicliffi</em></span> <span class='ocrx_word' id='word_1_183' title='bbox 653 3318 762 3390; x_wconf 75' lang='lat' dir='ltr'><em>afferre</em></span> <span class='ocrx_word' id='word_1_184' title='bbox 780 3318 885 3398; x_wconf 86' lang='lat' dir='ltr'><em>locos,</em></span> <span class='ocrx_word' id='word_1_185' title='bbox 904 3332 938 3385; x_wconf 82' lang='lat' dir='ltr'><em>ut</em></span> <span class='ocrx_word' id='word_1_186' title='bbox 958 3323 1080 3411; x_wconf 88' lang='lat' dir='ltr'><em>perspi·</em></span> 
     </span>
     <span class='ocr_line' id='line_1_26' title="bbox 97 3439 1079 3536; baseline 0 -26"><span class='ocrx_word' id='word_1_187' title='bbox 97 3446 234 3527; x_wconf 84' lang='lat' dir='ltr'><em>ciamus,</em></span> <span class='ocrx_word' id='word_1_188' title='bbox 273 3444 380 3536; x_wconf 80' lang='lat' dir='ltr'><em>quanti</em></span> <span class='ocrx_word' id='word_1_189' title='bbox 406 3441 575 3508; x_wconf 20' lang='lat' dir='ltr'><em>,Wioliffus</em></span> <span class='ocrx_word' id='word_1_190' title='bbox 612 3439 735 3523; x_wconf 39' lang='lat' dir='ltr'><em>feeerit,</em></span> <span class='ocrx_word' id='word_1_191' title='bbox 759 3439 856 3506; x_wconf 88' lang='lat' dir='ltr'><em>libros</em></span> <span class='ocrx_word' id='word_1_192' title='bbox 893 3462 1011 3524; x_wconf 83' lang='lat' dir='ltr'><em>sacros,</em></span> <span class='ocrx_word' id='word_1_193' title='bbox 1042 3467 1079 3510; x_wconf 81' lang='lat' dir='ltr'><em>ac</em></span> 
     </span>
    </p>
   </div>
   <div class='ocr_carea' id='block_1_5' title="bbox 96 3560 1078 3775">
    <p class='ocr_par' dir='ltr' id='par_1_6' title="bbox 96 3560 1078 3775">
     <span class='ocr_line' id='line_1_27' title="bbox 100 3560 1078 3655; baseline 0.003 -27"><span class='ocrx_word' id='word_1_194' title='bbox 100 3574 291 3655; x_wconf 80' lang='lat' dir='ltr'><em>quantopere</em></span> <span class='ocrx_word' id='word_1_195' title='bbox 323 3563 496 3655; x_wconf 74' lang='lat' dir='ltr'><em>optaverit,</em></span> <span class='ocrx_word' id='word_1_196' title='bbox 534 3562 600 3628; x_wconf 83' lang='lat' dir='ltr'><em>illos</em></span> <span class='ocrx_word' id='word_1_197' title='bbox 618 3568 621 3576; x_wconf 78' lang='grc'><em>“</em></span> <span class='ocrx_word' id='word_1_198' title='bbox 640 3562 672 3626; x_wconf 88' lang='lat' dir='ltr'><em>in</em></span> <span class='ocrx_word' id='word_1_199' title='bbox 710 3560 849 3627; x_wconf 87' lang='lat' dir='ltr'><em>omnium</em></span> <span class='ocrx_word' id='word_1_200' title='bbox 883 3584 947 3628; x_wconf 87' lang='lat' dir='ltr'><em>esse</em></span> <span class='ocrx_word' id='word_1_201' title='bbox 977 3567 1078 3631; x_wconf 78' lang='lat' dir='ltr'><em>mani·</em></span> 
     </span>
     <span class='ocr_line' id='line_1_28' title="bbox 96 3664 1075 3775; baseline -0.001 -24"><span class='ocrx_word' id='word_1_202' title='bbox 96 3685 168 3754; x_wconf 82' lang='lat' dir='ltr'><em>bos.</em></span> <span class='ocrx_word' id='word_1_203' title='bbox 222 3682 259 3749; x_wconf 89' lang='lat' dir='ltr'><em>In</em></span> <span class='ocrx_word' id='word_1_204' title='bbox 286 3664 434 3775; x_wconf 77' lang='lat' dir='ltr'><em>Prologo</em></span> <span class='ocrx_word' id='word_1_205' title='bbox 464 3683 513 3748; x_wconf 92' lang='lat' dir='ltr'><em>ad</em></span> <span class='ocrx_word' id='word_1_206' title='bbox 540 3682 797 3773; x_wconf 68' lang='lat' dir='ltr'><em>dispositionem</em></span> <span class='ocrx_word' id='word_1_207' title='bbox 823 3689 984 3750; x_wconf 89' lang='lat' dir='ltr'><em>orationis</em></span> <span class='ocrx_word' id='word_1_208' title='bbox 1002 3686 1075 3753; x_wconf 81' lang='lat' dir='ltr'><em>Do-</em></span> 
     </span>
    </p>
   </div>
   <div class='ocr_carea' id='block_1_6' title="bbox 99 3803 1076 3908">
    <p class='ocr_par' dir='ltr' id='par_1_7' title="bbox 99 3803 1076 3908">
     <span class='ocr_line' id='line_1_29' title="bbox 99 3803 1076 3908; baseline -0.003 -35"><span class='ocrx_word' id='word_1_209' title='bbox 99 3809 264 3874; x_wconf 88' lang='lat' dir='ltr'><em>minicae¹</em></span> <span class='ocrx_word' id='word_1_210' title='bbox 297 3805 359 3871; x_wconf 76' lang='lat' dir='ltr'><em>ait:</em></span> <span class='ocrx_word' id='word_1_211' title='bbox 394 3803 474 3873; x_wconf 92' lang='lat' dir='ltr'><em>Cum</em></span> <span class='ocrx_word' id='word_1_212' title='bbox 503 3805 729 3896; x_wconf 77' lang='lat' dir='ltr'><em>Euaregelium</em></span> <span class='ocrx_word' id='word_1_213' title='bbox 757 3808 804 3870; x_wconf 88' lang='lat' dir='ltr'><em>sit</em></span> <span class='ocrx_word' id='word_1_214' title='bbox 810 3805 971 3897; x_wconf 59' lang='lat' dir='ltr'><em>,chrisa</em></span> <span class='ocrx_word' id='word_1_215' title='bbox 983 3854 992 3884; x_wconf 93' lang='lat'><em>,</em></span> <span class='ocrx_word' id='word_1_216' title='bbox 1024 3808 1076 3908; x_wconf 78' lang='lat' dir='ltr'><em>id·</em></span> 
     </span>
    </p>
   </div>
   <div class='ocr_carea' id='block_1_7' title="bbox 129 4056 1082 4123">
    <p class='ocr_par' dir='ltr' id='par_1_8' title="bbox 129 4056 1082 4123">
     <span class='ocr_line' id='line_1_30' title="bbox 129 4056 1082 4123; baseline 0.01 -17"><span class='ocrx_word' id='word_1_217' title='bbox 129 4057 138 4092; x_wconf 93' lang='lat'>¹</span> <span class='ocrx_word' id='word_1_218' title='bbox 162 4056 211 4109; x_wconf 73' lang='lat' dir='ltr'><em>HS.</em></span> <span class='ocrx_word' id='word_1_219' title='bbox 231 4057 348 4120; x_wconf 66' lang='lat' dir='ltr'><em>anglice.</em></span> <span class='ocrx_word' id='word_1_220' title='bbox 369 4085 400 4097; x_wconf 90' lang='lat'>-</span> <span class='ocrx_word' id='word_1_221' title='bbox 419 4060 513 4112; x_wconf 75' lang='lat' dir='ltr'><em>Locum</em></span> <span class='ocrx_word' id='word_1_222' title='bbox 531 4066 634 4123; x_wconf 78' lang='lat' dir='ltr'><em>sutem,</em></span> <span class='ocrx_word' id='word_1_223' title='bbox 654 4060 686 4110; x_wconf 81' lang='lat' dir='ltr'><em>eb</em></span> <span class='ocrx_word' id='word_1_224' title='bbox 703 4061 813 4111; x_wconf 80' lang='lat' dir='ltr'><em>Henrico</em></span> <span class='ocrx_word' id='word_1_225' title='bbox 833 4062 976 4112; x_wconf 82' lang='lat' dir='ltr'><em>Whortono</em></span> <span class='ocrx_word' id='word_1_226' title='bbox 994 4063 1082 4117; x_wconf 74' lang='lat' dir='ltr'><em>Latius</em></span> 
     </span>
    </p>
   </div>
   <div class='ocr_carea' id='block_1_8' title="bbox 0 0 1298 4718">
    <p class='ocr_par' dir='ltr' id='par_1_9' title="bbox 0 0 1298 4718">
     <span class='ocr_line' id='line_1_31' title="bbox 0 0 1298 4718; baseline 0 4"><span class='ocrx_word' id='word_1_227' title='bbox 0 0 1298 4718; x_wconf 95' lang='lat' dir='ltr'><em> </em></span> 
     </span>
    </p>
   </div>
  </div>
 </body>
</html>
