2586 4718
480 268 484 275 ¹
589 318 650 383 rra

120 533 291 603 cumbebat
313 529 432 598 sedicet
456 526 616 597 lohannes
634 529 832 621 potissimum
850 519 884 596 in
901 532 1101 604 administra-

92 705 93 708 ,
121 632 215 723 tionis
234 675 361 731 curam,
386 663 513 742 propter
532 651 613 741 regis
631 662 959 737 senectam'aetatem,
984 670 1015 724 et
1034 679 1104 726 cor·

97 852 105 863 ,
118 777 209 868 poris
232 773 481 869 imbecillitatem
509 772 611 840 fratris
641 775 689 839 sui
716 787 792 841 natu
815 776 1102 872 maximiqstrenui
1141 858 1142 863 γ

70 945 76 958 .
120 895 275 984 Principis
289 879 444 975 ‘valna
479 893 534 982 qui
572 893 612 960 ob
640 894 776 960 colorem
803 896 901 986 ipsius
932 898 1101 987 insignium

120 1015 275 1112 Princeps
291 1014 398 1104 ,Niger
435 1013 526 1102 uulgo
554 1014 837 1104 cognominabatur
857 1016 1040 1108 futurusque
1069 1019 1103 1084 in

120 1156 249 1224 regnum
273 1133 448 1200 habebatur
469 1157 634 1205 successor.
681 1135 813 1226 Propter
825 1137 1038 1226 'suspicionem
1052 1139 1104 1205 is-
1163 1183 1173 1206 ι

124 1266 188 1320 tam
204 1254 307 1320 effecit
322 1256 578 1338 Parliamenttim‚
595 1254 681 1347 quod
698 1278 802 1324 mense
818 1257 922 1347 Aprili
932 1259 1006 1324 anni
1018 1262 1104 1328 1376

123 1351 325 1442 convocatam
361 1389 428 1456 est,
468 1390 503 1445 ut
531 1377 601 1444 Dux
630 1377 850 1461 Lanceariis,
881 1378 998 1446 interea
1029 1375 1105 1447 dum

121 1495 232 1586 Brngis
259 1495 361 1562 adhuc
390 1496 594 1579 morabatur,
629 1496 668 1564 de
696 1499 765 1565 loco
794 1499 827 1564 in
855 1474 942 1588 regni
966 1498 1103 1566 admini-

122 1615 269 1682 illatione
296 1616 529 1696 dimoveretur,
557 1632 651 1708 atque
678 1617 757 1686 adeo
776 1609 952 1709 privaretur
969 1622 1105 1712 legatio-

120 1758 181 1815 ne,
210 1758 304 1826 quam
333 1750 407 1804 tunc
436 1738 576 1828 gerebat.
622 1738 771 1839 Attamen
790 1762 860 1807 mox
876 1763 982 1807 mense
1001 1743 1104 1824 lulio,

123 1856 343 1945 (Parliamento
371 1857 502 1926 hoece
490 1883 558 1948 Jam
593 1858 789 1948 dimisso),'
780 1883 813 1925 m
832 1842 967 1949 patriam
987 1860 1106 1941 redux,

122 1978 283 2072 «lohannes¹
299 2003 317 2046 a
335 2002 428 2069 rege,
451 1981 653 2047 Parliamenti
671 1994 739 2045 acta
758 2002 849 2066 aegre
869 1981 1007 2060 ferente,
1031 2002 1107 2046 eon-

124 2066 264 2168 siliornm
293 2102 449 2189 particeps
468 2100 567 2163 factus
587 2098 682 2186 inque
703 2096 1027 2187 imperii-societatem
1048 2099 1108 2166 de-

123 2245 187 2289 nno
216 2232 367 2287 assumtus
397 2230 456 2288 est.
498 2218 643 2285 *Interim
673 2241 819 2309 qnoque,
853 2242 950 2308 quum
968 2233 1109 2308 mortuns

124 2340 203 2408 esset
222 2340 370 2430 Princeps
388 2339 507 2406 Valliae
527 2339 562 2427 (8
580 2339 671 2405 Junii
693 2339 807 2426 1376),
827 2359 883 2405 rex
903 2337 1107 2429 hujusfilium

124 2458 338 2540 Richardum,
368 2481 546 2550 quanquam
575 2459 814 2541 minorennem,
841 2460 935 2550 paulo
955 2451 1111 2590 amede?

124 2582 296 2671 signaverat
324 2602 551 2662 successorem,
580 2594 615 2647 nt
647 2581 769 2647 Ducem
796 2559 1023 2647 Lancastriae
1020 2582 1109 2647 omni
1160 2636 1162 2643 .

19 2749 21 2753 -
125 2701 301 2800 suspicione
334 2702 512 2772 exsolveret.
551 2699 851 2791 Quandoquidem
842 2715 923 2768 mter
944 2700 1108 2768 historicos
1174 2774 1179 2793 ἱ

122 2822 214 2888 m'nlti
246 2811 446 2912 reperiuntur
470 2820 599 2904 landum
626 2822 710 2889 illius
744 2823 840 2895 Ilucis
869 2782 1105 2904 denuntiatores,

120 2954 294 3008 memoratu
331 2941 425 3040 digna
460 2955 530 3009 sunt
565 2941 749 3033 Knyghtoni
772 2927 891 3023 rerba,
925 2944 980 3032 qui
1008 2943 1106 3032 ipsius

121 3063 258 3154 aequalis
285 3063 365 3143 fuit,
398 3085 501 3152 neque
529 3064 633 3129 alibi
625 3086 656 3127 m
674 3063 833 3130 Chronico
851 3086 905 3128 sno
927 3060 1106 3128 dissimula-

19 3208 20 3211 *
76 3218 78 3220 ·
104 3183 199 3264 ‘aits
222 3182 342 3272 saepius
369 3182 546 3248 iohannem
574 3183 741 3272 suscepisse
768 3181 977 3272 patrocinium
996 3204 1106 3279 causae

121 3325 193 3369 curn
214 3303 372 3387 Wicliffi,
395 3317 463 3371 tnm
482 3301 574 3394 hujus
594 3303 761 3372 sociorum.
808 3301 1030 3391 Neaaa'quam
1048 3326 1105 3370 ae-

120 3423 181 3489 dat
202 3427 237 3489 iu
254 3429 376 3492 mirum
387 3474 398 3507 ‚
418 3425 485 3507 ait,
504 3448 609 3515 qaaere
628 3427 738 3515 ipsum
757 3425 879 3488 tociaco
895 3426 1009 3516 pium
1033 3424 1105 3491 du-

120 3563 199 3609 aem
226 3550 368 3612 vocitavi
378 3596 388 3628 ,
416 3547 564 3640 diligens
594 3549 697 3612 lector
727 3545 879 3612 attendat
908 3554 940 3610 et
966 3547 1106 3613 auditor
1204 3553 1220 3587 ‘-

50 3744 53 3749 4
123 3667 279 3730 ueritatis
302 3671 431 3733 amicas
450 3671 644 3761 intelligat,
663 3667 753 3758 quod
765 3671 827 3733 iste
838 3671 924 3759 pius
943 3668 1013 3733 dux
1025 3671 1109 3759 pie·

124 3787 207 3851 tatis
234 3793 327 3850 tanto
353 3789 467 3855 robore
474 3789 646 3878 fundatus
665 3792 817 3871 exstitit,
844 3781 936 3880 quod*
949 3793 986 3853 iu
1006 3790 1108 3854 amni-

123 3906 181 3971 bus
196 3906 461 3973 tribulationibus
475 3913 548 3975 suis
562 3920 593 3976 et
610 3913 646 3975 iu
660 3912 808 3976 amitibus
824 3913 994 4004 augustiis
1009 3917 1108 3998 atqua

120 4027 261 4114 injuriis
268 4076 279 4109 ,
299 4030 366 4095 sibi
383 4014 549 4098 malitiose
567 4035 699 4112 illatis,
719 4054 783 4098 uon
800 4032 983 4098 uindictam
1003 4018 1121 4120 quae-¹

906 4160 918 4197 d

1078 4360 1205 4408 Α
