2586 4718
645 300 685 360 lb

183 518 348 585 natabilis
360 537 370 594 ,
404 511 610 591 venerabelis·
633 514 782 601 incoeptor
794 559 804 590 ,
829 513 875 577 uti
904 532 975 577 eum
1003 516 1166 583 nominare

190 636 361 706 honorilice
370 634 507 702 solebant
514 630 695 723 ,propriam
703 629 1023 723 quandam,eamque
1031 633 1163 701 liberam
1230 708 1236 717 ,

80 773 84 780 ’
185 759 283 848 magis
311 780 329 822 a
357 753 577 846 praejudicatis
602 751 803 842 opinionibus
821 752 904 839 riam
924 753 1164 844 philosophandi
1192 823 1194 831 ,

185 880 289 946 iniisse
316 875 452 971 dicitur,
477 887 570 964 atque
591 869 719 962 insignis
739 872 831 940 fuisse
850 872 1076 963 paradoxorum
1095 890 1166 944 stu·

186 999 238 1067 dio
250 1010 276 1070 ¹.
301 999 389 1065 Tunc
407 994 555 1087 temporis
565 995 596 1059 in
611 993 870 1062 Universitatibus
882 1041 893 1074 ,
907 996 1041 1094 maxime
1051 997 1164 1064 Parisi-

91 1192 94 1209 ,
185 1123 243 1202 nd,
264 1117 458 1200 Oxoniensi,
478 1128 585 1208 postea
602 1115 748 1204 Progensi
759 1123 794 1193 ²,
815 1115 998 1205 pugnaciter
1015 1104 1057 1182 de
1075 1118 1166 1207 priu-

186 1242 293 1332 cipatu
311 1240 439 1307 certarit
456 1237 558 1304 denuo
577 1236 607 1304 N
609 1234 820 1302 ominalismus
834 1257 906 1302 cum
922 1237 1096 1308 Realismo.
1125 1239 1164 1305 ln
1273 1273 1277 1279 ·

184 1362 393 1431 Universitate
413 1357 579 1439 (laoniensi
594 1354 655 1424 hoc
664 1365 823 1422 certamen
833 1356 1084 1438 inflammabatur
1094 1359 1166 1426 odio

185 1484 293 1575 gentili
305 1506 314 1564 ;
351 1480 494 1548 Boreales
521 1478 667 1545 favebant
695 1477 782 1544 Scoti
807 1479 961 1545 Realismo
973 1526 984 1559 ,
1008 1478 1165 1548 Australes

185 1603 408 1673 Nominalismo
428 1599 558 1667 Occami
575 1607 601 1668 ³.
649 1598 803 1665 Ilealistae
822 1597 1037 1691 despiciebant
1055 1600 1166 1669 Nomi-

126 1709 131 1715 ’
183 1725 327 1800 nalistas,
361 1709 479 1812 quippe
506 1696 697 1786 recentioris*
714 1725 823 1788 aetatis
849 1719 1072 1812 philosophos3
1104 1744 1164 1812 qua

183 1867 257 1923 aero
284 1843 316 1910 in
346 1864 380 1908 re
408 1841 540 1931 turpiter
570 1839 732 1922 errabant,
757 1863 854 1930 quum
873 1842 1044 1908 Roscellini
1065 1854 1165 1910 aetate

183 1963 425 2034 Nominalismus
444 1959 638 2051 aliquamdiu
657 1961 813 2051 viguisset.
861 1961 905 2029 lli
922 1977 1028 2032 contra
1046 1963 1165 2030 Realis-

120 2079 122 2084 ἲ
184 2098 231 2153 tas
260 2082 465 2164 deridebant,
499 2050 617 2173 q‘uippe
646 2081 701 2172 qui
728 2082 930 2174 nubem'pro
947 2084 1072 2151 Junone
1092 2106 1163 2149 am·

183 2205 392 2296 plexarentur.
453 2203 555 2294 Papae
586 2216 692 2271 autem
704 2252 714 2285 ,
748 2203 1009 2271 Nominalismum
1038 2206 1162 2273 noxium
1231 2199 1233 2204 ¹

184 2326 341 2392 Ecclesiae
359 2347 423 2392 esse
441 2324 608 2406 arbitrati,
627 2324 818 2415 patrocinari
836 2338 908 2392 sunt
926 2326 1091 2409 Realistis,
1110 2331 1165 2418 qui

92 2437 96 2447 ⁸
120 2468 124 2483 ‘
185 2445 379 2536 triumphum
397 2467 488 2535 agere
504 2468 539 2511 cr
556 2443 644 2512 hoste
659 2444 815 2527 visisunt,
826 2459 1037 2537 quotempore
1049 2448 1163 2539 (1339)

113 2554 120 2560 ⁵
185 2566 310 2633 Artium
330 2565 458 2632 facultas
478 2566 509 2631 in
529 2566 740 2635 Unirersitate
760 2567 916 2649 Parisini,
937 2569 994 2635 ubi
1006 2568 1165 2638 lohannes

184 2684 385 2767 Buridanus,
408 2685 537 2753 0ccami
558 2686 727 2778 discipulus
738 2736 748 2768 ,
769 2688 1044 2756 Nominalistarum
1062 2706 1165 2782 partes

185 2807 307 2873 fortiter
325 2808 492 2888 tuebatur,
514 2806 671 2875 damnarit
692 2806 867 2874 doctrinam
887 2806 1055 2879 Occamil.
1102 2811 1165 2878 Ni-

184 2927 353 2993 hilominus
386 2928 644 2996 Nominalismum
677 2939 911 3019 propugnarunt
944 2929 1025 2994 benc
1055 2930 1163 3012 multi,
1257 2904 1260 2912 ¹

185 3047 350 3138 sagacitate
378 3060 410 3114 et
438 3048 612 3117 eruditione
641 3072 673 3116 se
701 3049 858 3139 imprimis
889 3047 1163 3132 commendantes;
1268 3077 1272 3083 ·

122 3173 129 3182 “
187 3182 303 3261 atqua,
322 3184 451 3238 exeunte
469 3169 567 3238 hocce
584 3170 726 3249 saeculo,
749 3167 824 3234 dnm
843 3167 1068 3237 Oxouiiadhuc
1079 3171 1167 3238 valde

188 3276 446 3383 oppugnabantur
466 3290 708 3369 Nominalistae,
727 3289 870 3357 Lutetiae
892 3288 990 3356 iidem
1010 3291 1100 3382 longe
1116 3315 1166 3358 su·

186 3413 323 3502 periotes
342 3425 515 3482 evaserunt.

217 3693 226 3728 ¹
250 3689 407 3742 Consulatur
422 3689 453 3739 de
470 3687 685 3737 Scholasticcrum
704 3687 866 3756 philosophia
876 3689 1018 3754 Degerandi
1027 3708 1091 3760 opus
1102 3694 1170 3747 laud.

249 3777 308 3826 Vol.
328 3775 372 3824 tv.
391 3788 447 3836 cap.
467 3770 518 3830 26,
537 3770 587 3832 27,
607 3771 652 3822 28.

216 3863 227 3898 ²
253 3859 408 3912 Universitas
428 3854 561 3918 Pragensia
576 3856 659 3905 medio
676 3857 780 3906 saeculo
798 3859 855 3909 XIV
874 3862 977 3913 condita
996 3866 1043 3913 est.

215 3948 225 3982 a
250 3944 308 3995 vid.
327 3940 420 3991 Wood.
439 3939 493 3990 lib.
513 3941 536 3992 1.
562 3940 609 3991 sub
628 3958 670 3994 an.
692 3941 770 3995 1343.
844 4011 847 4013 Α

215 4031 227 4067 ⁴
250 4029 308 4080 vtd.
328 4023 417 4076 llulaei
437 4024 505 4076 tttst.
533 4025 610 4078 vnto.
633 4027 697 4080 Por.
718 4026 776 4078 vol.
798 4027 842 4081 Ν.
863 4044 890 4094 p.
908 4028 969 4083 257.
