2586 4718
640 305 682 368 2⁵

177 521 320 616 populis,
348 519 457 602 Secti,
482 516 615 586 lliberni
627 567 639 603 ,
664 517 767 598 Galli,
794 519 995 610 nonnullique
1011 543 1047 588 ex
1066 525 1151 591 Ger.
1223 496 1225 508 ’

176 645 298 711 maniae
325 641 526 734 regionibus,
560 638 616 728 qui
643 638 761 705 artibus
791 651 823 704 et
853 637 1000 708 doctrinis
1024 664 1182 735 operam‘
1226 670 1230 678 ·

175 777 321 832 navarent
338 773 364 833 1.
412 764 489 830 Erat
503 740 600 852 igitur
621 760 789 827 Academia
818 759 998 830 Oxoniensis
1015 787 1076 830 non
1097 766 1153 834 do·

74 942 76 945 .
175 886 336 952 mesticum
356 883 449 950 modo
471 882 665 963 institutum,
685 883 717 948 in
736 904 798 973 quo
818 884 874 949 soli
893 884 1056 975 indigenae
1077 908 1152 956 eru·
1261 872 1264 886 ’

178 1007 340 1103 director,
369 1004 423 1072 sed
435 1004 620 1071 'habebatur
639 1004 734 1069 etiam
754 1005 818 1071 1llic
837 1003 990 1072 Studium
1004 1024 1171 1098 genera-‘

69 1150 73 1155 ·
179 1131 227 1210 le,
251 1128 336 1219 quod
356 1127 532 1197 nominant.
576 1126 612 1194 Si
637 1148 710 1192 vero
735 1149 804 1192 eam
828 1149 901 1192 cnm
925 1129 993 1195 aliis
1017 1131 1156 1199 conferas

180 1249 378 1329 Academiis,
414 1270 493 1338 quae
521 1248 581 1315 illis
607 1248 799 1338 temporibus
826 1248 1003 1340 gaudebant
1031 1253 1158 1319 nomine

120 1368 124 1378 ’
182 1371 345 1440 ethonore
372 1368 477 1436 Stadii
497 1371 663 1458 generalis,
683 1371 815 1460 exempli
842 1374 940 1460 gratia
968 1393 1039 1436 cum
1065 1373 1158 1438 Pari-

182 1494 264 1572 sinai,
293 1491 351 1556 hac
380 1492 471 1581 longe
501 1491 630 1588 inferior
658 1492 710 1557 illa
737 1492 797 1557 fuit
808 1540 818 1571 ,
849 1513 1014 1558 concursus
1037 1488 1158 1559 ratione

176 1613 302 1692 habita,
331 1611 386 1701 qui
416 1612 455 1676 ab
484 1609 627 1702 Europae
654 1611 778 1703 populis
804 1625 837 1678 et
865 1612 1042 1705 regionibus
1061 1613 1158 1681 Luto

179 1735 255 1802 tiam
279 1734 379 1807 fieret.
431 1731 511 1799 Cum
535 1733 673 1800 Parisini
696 1747 801 1800 tamen
817 1731 1024 1801 Universitate
1048 1737 1161 1804 arctis-

179 1853 255 1933 sima
276 1853 441 1921 Oroniensi
464 1855 636 1920 intercessit
661 1853 867 1935 consuetudo,
892 1854 1039 1944 adcujus
1057 1876 1162 1923 erem·

178 1975 266 2063 plum
300 1965 378 2041 haec
415 1942 603 2063 magnopere
641 1975 833 2038 conformata
868 1974 962 2038 fuisse
989 1973 1113 2040 videtur
1132 1987 1161 2047 2.

152 2106 154 2111 ’
180 2095 364 2183 Quanquam
382 2089 1163 2180 mutuum‘,'quodinterutramqueUnirersitatem

181 2215 303 2279 saeculo
322 2211 401 2278 XIII
422 2224 486 2276 tam
502 2210 646 2300 frequens
661 2210 740 2291 fuit,
750 2201 1000 2297 commercium,
1018 2225 1055 2281 ut
1069 2223 1163 2308 quic·

179 2334 262 2425 quid
274 2337 334 2399 uni
344 2336 511 2426 cognitum
523 2342 609 2399 esset
617 2381 627 2414 ‚
642 2334 749 2399 alteri
760 2344 893 2425 repente
906 2339 1123 2404 innotesceret
1134 2349 1161 2422 ³,

178 2456 313 2521 multum
340 2455 542 2541 imminutum
557 2452 636 2532 fuit,
653 2474 715 2543 quo
732 2467 874 2543 tempore
889 2452 1000 2539 Orobii
1016 2458 1163 2527 instituc-

179 2575 459 2656 baturWicliffns3
478 2572 684 2662 impeditum,
702 2587 738 2638 ut
747 2571 888 2650 ridetur,
905 2575 1005 2658 bello,
1017 2577 1077 2647 b'oc
1087 2601 1162 2648 aevo
1176 2590 1201 2607 ''

120 2774 123 2783 Ι
182 2691 296 2786 Anqlos
324 2667 405 2761 inter
433 2705 463 2758 et
494 2693 597 2790 Gallos
626 2698 762 2774 exorto‚'
783 2707 879 2784 atque
906 2697 991 2764 sario
1017 2699 1164 2792 utrinque

169 2829 281 2882 marte
304 2838 359 2905 per
380 2813 710 2903 integrum-saeculum
732 2825 763 2878 et
781 2814 898 2882 diutius
916 2831 1013 2906 gesto.

225 2935 275 3003 td
305 2935 390 3001 illam
420 2931 525 3001 autem
553 2935 688 3013 famam,
724 2957 817 3024 quam
845 2935 980 3004 diximus
989 2988 999 3018 ,
1020 2945 1162 3031 pervenit

168 3055 291 3126 ‚Schola
312 3055 541 3136 Oroniensisi,
562 3068 727 3144 postquam
744 3053 776 3119 iu
796 3052 1015 3125 Universitatis
1034 3062 1161 3130 modum

197 3195 544 3216 .-..--—-„--—————--

209 3273 218 3310 ¹
243 3272 302 3323 vid.
322 3271 424 3331 Wood‚
440 3269 516 3321 utu.
537 3277 564 3319 et
581 3269 692 3335 Autiqq.
717 3271 795 3323 Unio.
819 3272 903 3325 Onon.
923 3275 978 3323 Lib.
995 3276 1017 3328 1.
1037 3294 1064 3343 p.
1088 3279 1147 3334 149.

207 3358 219 3394 ²
243 3357 345 3418 Wood,
365 3370 407 3422 op.
426 3356 496 3408 laud.
515 3355 616 3422 passim.
641 3379 672 3391 -
697 3355 708 3391 ³
733 3357 798 3403 Sunt
821 3356 897 3404 verba
917 3358 1030 3410 Wcodii.
1053 3362 1117 3415 lib.
1145 3365 1168 3416 1.

242 3461 267 3509 p.
286 3441 329 3491 84.
366 3443 397 3490 ln
411 3427 584 3491 ‘universitate
601 3439 733 3500 PariaInd,
751 3440 831 3489 notio
846 3439 978 3506 duplica,
998 3447 1063 3506 quaa
1082 3451 1167 3499 tamen

239 3527 361 3577 llandro'a
389 3542 493 3590 quoqne
516 3529 543 3575 cl
569 3526 708 3576 Germanos
733 3525 901 3587 continebat,
925 3530 1049 3593 peculiari
1071 3533 1167 3595 gaude·

240 3610 285 3660 bat
301 3613 421 3676 suffragio
440 3613 467 3661 in
483 3609 585 3662 Artium
604 3612 738 3662 facultate.
759 3611 798 3662 cf.
817 3611 905 3661 uulaei
922 3612 993 3667 lites.
1008 3614 1087 3667 Unio.
1099 3616 1165 3668 Por.

127 3747 130 3750 ,
199 3723 201 3728 ·
242 3695 300 3746 vot.
319 3696 369 3748 111.
389 3714 416 3763 p.
437 3696 486 3745 1³2
503 3712 542 3759 aq.
573 3695 631 3746 Vol.
651 3695 682 3746 V·
700 3711 726 3760 p.
745 3693 798 3744 864
815 3710 854 3758 aq.

210 3780 222 3816 ⁴
244 3779 395 3831 Academiae
414 3781 562 3832 oxoniensis
582 3779 736 3830 incunabula
753 3779 785 3829 ab
802 3781 900 3830 Alsredi
916 3781 982 3845 ragis
1000 3785 1165 3845 temporene-

241 3869 344 3932 petuni.
380 3867 419 3917 ef.
438 3866 532 3917 Wood.
552 3867 580 3916 I..
601 3867 625 3917 1.
642 3883 669 3932 p.
692 3865 786 3916 1-45.
823 3866 974 3915 Phuntaaiac
991 3868 1165 3919 autemnimit

239 3950 392 4013 indulgent,
410 3951 606 4002 universitatem
624 3951 654 4002 ed
670 3950 726 4014 jam
742 3953 828 4001 aelate
844 3951 936 4000 oxonii
950 3949 999 3999 sibi
1016 3951 1166 4004 informasse

240 4036 339 4086 ridetur
357 4035 496 4099 Woodiua,
516 4038 567 4102 qud
584 4039 659 4089 modo
676 4038 894 4091 artiumaciolum
904 4037 1017 4101 cogitare
1028 4052 1074 4086 noa
1084 4053 1165 4106 opor-
