2586 4718
634 302 696 364 176

177 519 336 599 stitueret3
353 528 384 582 et
398 513 560 582 Missurum
577 511 800 579 celebrationes
815 510 893 578 adeo
903 512 1171 604 adaugebuntur,

178 653 213 706 ut
233 639 332 706 cultus
350 635 493 727 publicus
511 634 549 700 iis
568 633 660 700 unice
679 633 745 699 lere
763 634 870 724 peragi
890 633 1069 707 videretur..

156 862 158 870 Ι
222 879 281 947 Illa
311 878 406 967 igitur
432 874 571 943 doctriua
600 875 639 940 de
666 876 856 943 sacramento
881 877 1099 945 Eucharistiae
1122 882 1168 948 ad

178 1001 327 1088 majorem
351 996 534 1087 dignitatem
554 995 684 1063 evehere
702 997 839 1062 officium
858 997 1046 1064 sacerdotale
1064 999 1176 1070 vide-'

175 1121 279 1189 hatur.
327 1117 544 1209 superstitiosa
572 1118 656 1184 enim
684 1132 715 1185 et
743 1118 888 1211 imperita
913 1119 1084 1193 multitudo
1104 1148 1166 1192 sa-

177 1231 317 1309 cerdotes
344 1240 510 1307 sanctiores
534 1240 785 1330 potentioresque
802 1241 962 1322 habebat,
981 1266 1081 1332 quum
1101 1243 1167 1329 hi,

177 1362 364 1432 sacrificium
393 1363 593 1427 incruentum
618 1359 657 1426 ad
684 1362 779 1428 altare
799 1363 1016 1443 immolantes,
1037 1362 1168 1434 Christi

175 1508 336 1578 personam
354 1506 461 1575 gerere
477 1483 666 1553 dicerentur.
714 1483 755 1551 lu
764 1532 776 1566 ,
794 1485 850 1574 qui
866 1507 998 1573 panem,
1017 1508 1073 1552 seu
1091 1490 1170 1578 pla.

176 1608 355 1687 centulam,
382 1626 440 1695 per
467 1605 705 1671 consecrationis
732 1605 826 1671 rerba
845 1618 967 1671 mutare
983 1620 1108 1696 poterat
1128 1611 1169 1678 in

124 1797 126 1801 ,
174 1750 286 1818 corpus
324 1725 462 1803 Christi,
502 1726 617 1813 quantia
654 1724 680 1790 is
710 1725 837 1814 quidem
873 1728 1012 1817 potentii
1046 1752 1168 1799 neces-

173 1850 253 1917 sario
289 1844 449 1936 praeditus
484 1847 569 1911 erat!
609 1846 787 1936 ‘Propterea
816 1848 909 1913 etiam
937 1848 969 1914 in
997 1849 1169 1919 Universi·

176 1983 239 2037 tate
269 1965 436 2034 Oxoniensi
463 1964 620 2056 imprimis
645 1966 754 2034 fratres
772 1967 983 2036 Mendicantes
1001 1969 1168 2041 silentium

175 2091 336 2177 imponere
373 2086 516 2154 Wiclillo
552 2087 742 2176 cupiebant,
777 2088 1031 2179 quandoquidem
1064 2089 1167 2182 hujus

173 2207 290 2300 placita
310 2205 349 2272 de
368 2219 558 2274 sacramento
577 2208 681 2274 altaris
696 2208 874 2298 frangerent
891 2211 1059 2278 admodum
1077 2215 1169 2305 ipso·

175 2352 245 2396 rum
265 2325 461 2418 dignitatem.
479 2327 638 2395 Wicliffus
658 2350 729 2393 vero
745 2330 930 2396 sententiam
941 2354 1027 2399 suam
1036 2336 1165 2423 aperire

175 2452 209 2516 in
238 2451 424 2518 lectionibus
451 2449 586 2540 publicis
612 2446 733 2520 assidue
759 2451 932 2539 pergebat,
956 2456 1025 2519 »io
1044 2459 1167 2523 animo

177 2593 213 2637 se
238 2570 423 2640 destinasse
433 2569 620 2658 profitens,
639 2570 832 2635 Ecclesiam
850 2571 939 2651 Dei,
959 2595 1043 2662 quae
1060 2576 1098 2657 aie
1119 2583 1165 2644 ert

176 2692 392 2782 ropionibus
401 2688 481 2774 jam
499 2692 597 2754 annis
616 2699 813 2771 erraverat,
836 2693 877 2757 ab
896 2692 1098 2760 idololatrae
1113 2697 1167 2763 ad

175 2835 287 2878 nerum
314 2811 473 2880 Numinis
501 2811 622 2886 cultum
645 2817 863 2883 revocure''1.
910 2813 973 2880 Sed
991 2814 1165 2884 Universi-

178 2933 250 3000 tatis
285 2929 515 3010 Cancellarius,
550 2929 735 2997 Guilielmus
765 2925 918 3002 Bertonus
929 2982 940 3016 ,
968 2937 1164 3005 convocabat

158 3039 306 3120 ¹iuterim
334 3049 498 3116 duodecim
530 3049 691 3134 doctores,
721 3077 853 3143 quorum
884 3069 953 3122 octo
977 3070 1065 3122 erant
1084 3079 1163 3125 mo·-

180 3171 297 3254 nachi,
332 3184 367 3238 ut
401 3170 608 3240 deliberarent
643 3173 682 3238 de
715 3173 874 3257 thesibus,
902 3201 920 3242 a
948 3177 1090 3244 Wicliffo
1120 3180 1164 3246 ad

182 3290 404 3382 disputandum
433 3294 610 3384 propositis.
657 3295 728 3362 Uno
757 3295 791 3360 hi
816 3296 921 3381 animo
940 3295 1167 3385 declarabant,

181 3412 281 3480 theses
310 3413 380 3479 istas
409 3435 472 3480 asse
501 3415 612 3496 falsas,
641 3415 715 3506 quia
742 3415 981 3484 adversabantur
1001 3419 1165 3488 doctrinae

183 3531 351 3603 Ecclesiae.
398 3534 509 3623 ltaque
529 3531 737 3602 Cancellarius
758 3539 828 3605 tulit
847 3539 1027 3621 decretum,
1045 3539 1078 3606 in
1098 3563 1166 3630 quo

180 3654 364 3723 nominatim
396 3652 525 3743 quidem
551 3653 591 3720 de
613 3657 755 3724 Wieliffo
773 3660 962 3730 mentionem
980 3683 1043 3728 non
1061 3660 1167 3746 lecit,

130 4096 137 4113 Ι
213 4036 221 4069 1
246 4032 304 4082 vra.
324 4029 425 4088 wool,
446 4031 501 4082 urs.
520 4031 542 4080 1.
562 4048 586 4096 p.
609 4032 669 4084 raa.
