2586 4718
180 367 240 417 nm

89 616 97 637 .
179 563 373 656 quibusdam
382 565 607 654 praecipuis;
627 571 659 628 et
673 562 805 629 tandem
818 558 1059 655 disputationis
1075 586 1162 628 sum·

178 702 266 744 mam
294 680 437 743 breuiter
458 678 623 767 complexi
639 699 769 756 armus,
792 685 829 741 ut
840 684 978 767 pateret
988 725 998 758 ,
1022 676 1107 767 quid
1122 677 1162 742 de

136 806 140 813 '
183 790 335 882 Wictiffi
352 789 476 857 studiis
495 799 526 856 et
544 791 767 856 conaminibus
785 798 870 855 esset
897 789 1165 859 existimandum.

158 960 162 971 s
225 903 287 971 Ad
305 906 416 994 fontes
441 904 530 995 quod
544 908 684 984 attinet,
707 903 877 969 hausimus
897 910 965 968 tam
984 924 1001 966 e
1020 906 1162 993 scriptis

67 1077 71 1085 .
179 1041 308 1099 eorum,
327 1021 519 1110 quiparnm
535 1014 888 1113 Welcffosauerunt,
904 1039 1002 1106 qnam
1017 1038 1034 1080 e
1049 1019 1162 1105 scrip-

115 1138 120 1147 '
180 1133 325 1212 toribus,
354 1135 415 1221 qui
429 1133 581 1222 plurimi
598 1153 668 1196 eum
688 1134 920 1198 aestimarant.
972 1127 1039 1195 Usi
1054 1131 1164 1218 igitur

180 1270 292 1313 snmus
308 1248 522 1337 potissimum
541 1243 730 1311 Annalibus
749 1243 897 1310 Henrioi
913 1242 1113 1332 Knthtoni
1132 1250 1163 1306 et

184 1359 216 1425 T
213 1360 327 1425 homae
356 1357 639 1449 misingum,
661 1381 798 1448 quorum
827 1359 889 1423 ille
914 1360 992 1448 ipsi
1020 1356 1168 1445 Wicliffi

184 1482 316 1553 aetate,
340 1475 431 1538 lcicce
450 1475 581 1539 sconsio
596 1476 800 1562 insequenti,
817 1472 967 1562 floruit:
982 1479 1165 1562 praeterea

184 1588 427 1665 consuluimus,
452 1595 519 1651 tum
545 1585 767 1654 Consiliorum
783 1585 1167 1674 Actorumquepublico-

98 1739 105 1758 ·
184 1725 258 1766 rum
278 1702 438 1766 nonnulla
458 1708 681 1776 monumenta,
696 1705 763 1762 tum
783 1721 885 1790 opera
905 1697 1020 1792 Batoi,
1041 1697 1165 1776 Fauii,

184 1798 423 1903 Harpsfeldii,
447 1812 513 1878 W
508 1812 614 1892 oodci,
636 1810 694 1877 W
689 1812 845 1891 hartoni,
868 1812 1090 1898 aliorumque,
1110 1809 1170 1897 qui

184 1927 225 1992 de
244 1927 304 1993 W
299 1926 399 2015 ictrffl
417 1926 512 1990 retus
532 1932 697 2016 egerunt.¹
727 1925 830 1991 Nobis
850 1933 957 1989 autem
968 1975 979 2005 ,
999 1946 1040 1987 eu
1059 1924 1168 2012 ipsius

182 2043 253 2105 oiri
268 2042 408 2129 scriptis
423 2041 594 2131 ingenium
609 2039 680 2126 ejus
694 2046 726 2104 et
733 2042 870 2130 placita
882 2039 1083 2129 praesertim
1098 2055 1168 2099 esse

80 2216 83 2225 ,
183 2151 398 2243 eanolananda
417 2153 697 2240 intelligentibus,
716 2174 817 2242 neque
833 2153 936 2218 libros
952 2151 1021 2239 ojus
1041 2144 1165 2228 MSS„

181 2269 242 2356 qui
270 2287 392 2357 magno
419 2265 529 2330 adhuc
551 2274 769 2345 asservantur
787 2289 942 2344 numero,
966 2259 1168 2351 inspiciendi

182 2381 281 2470 saluii
303 2378 410 2468 facti
418 2428 427 2458 ‚
446 2369 695 2444 succurrerunt
718 2388 750 2444 et
768 2381 885 2469 facem
909 2377 1044 2465 egregie
1057 2393 1163 2460 prae-

181 2492 328 2556 tulerunt
348 2499 501 2555 astitores
521 2493 578 2555 iiii
592 2492 730 2584 Anglici
739 2541 749 2572 ,
766 2497 827 2581 qui
830 2487 1014 2581 popularis
1029 2487 1086 2556 sui.
1100 2505 1166 2547 me·

181 2608 324 2687 morc’arn
352 2606 607 2671 immortalitati
635 2607 914 2672 commendarunt.
968 2595 1065 2683 Quod
1080 2599 1167 2660 enim

184 2725 284 2784 antea
304 2719 449 2782 manime
461 2717 800 2795 Thanaramusa,
816 2717 851 2778 in
865 2710 1054 2801 Apologia,
1069 2734 1168 2800 quam

185 2834 328 2923 scripsit
353 2853 440 2897 anno
457 2833 548 2898 1608
559 2856 629 2923 pro
647 2831 728 2899 Joi:
746 2822 925 2912 Wicliffo,
948 2832 980 2889 et
998 2804 1168 2890 Jolcannes

186 2952 379 3033 leonisius,
405 2932 440 3017 iu
458 2956 565 3019 libro:
589 2952 621 3017 T
618 2952 656 3015 he
677 2951 768 3014 Ilist.
789 2947 831 3033 of
842 2945 896 3008 tie
910 2945 989 3032 Life
1004 2943 1076 3010 and
1089 2941 1170 3029 Suf-

64 3144 68 3157 ,
180 3069 319 3157 ferirujs
347 3071 389 3157 ⁰f
402 3061 668 3150 Johrz'Wiclzffe
686 3059 729 3140 Β.
751 3058 796 3127 Β.
822 3057 928 3128 lond.
949 3063 1058 3141 fiio,
1079 3062 1171 3124 ince-

141 3222 145 3236 ι
183 3191 330 3275 perant,
352 3183 412 3249 troc
431 3182 550 3248 nostri
565 3168 674 3240 aetate
693 3176 795 3237 mutto
815 3178 1010 3240 accuratius
1024 3175 1175 3239 uberius·

191 3320 252 3386 que
263 3278 473 3363 'elaboratum
492 3297 541 3354 est
559 3312 581 3351 a
600 3286 743 3351 ,Boberto
766 3288 806 3352 V
802 3289 978 3378 augltano,
1003 3293 1038 3352 in
1059 3309 1172 3377 opere:

193 3409 262 3475 Tire
287 3410 364 3498 Life
383 3405 455 3470 and
478 3399 640 3488 Opinions
660 3402 702 3489 of
711 3401 801 3468 John
820 3402 860 3466 de
881 3401 940 3467 W
934 3400 1047 3489 ycliffe
1064 3400 1108 3467 Β.
1128 3398 1181 3487 Β.Ι
1201 3483 1207 3495 l

89 3535 92 3540 ’
188 3521 295 3591 lond.
330 3512 407 3584 Ea
437 3515 470 3579 Β.
499 3512 612 3594 1831,
635 3517 696 3602 qui
717 3537 735 3579 e
758 3516 856 3580 libris
877 3514 1029 3604 Wieliffi
1047 3510 1172 3591 MSS„

188 3660 259 3704 cum
273 3636 376 3698 uitam
398 3623 470 3710 ejus
490 3632 521 3688 et
537 3628 724 3718 ingenium,
741 3638 808 3695 tum
826 3630 1031 3707 doctrinam,
1054 3630 1176 3692 eximie

190 3743 388 3814 illustrauit.
437 3738 547 3827 Atque
560 3741 657 3830 atejus
671 3748 819 3810 maxime
838 3751 968 3808 secutus
986 3744 1097 3831 operis
1114 3764 1178 3807 ra·

189 3862 325 3930 tionem,
359 3853 421 3915 non
448 3857 575 3918 tantum
597 3858 880 3945 ineruditorum,
904 3877 1016 3920 uerum
1039 3857 1075 3916 in
1093 3875 1176 3941 quo·

170 3977 313 4039 'rumuis
343 3974 507 4038 curtorum
534 3976 699 4042 hominum
727 3972 945 4055 commodum,
975 3974 1177 4064 paulopost
1204 4004 1207 4009 ·

189 4090 291 4154 uitam
320 4086 473 4179 Wictiffi
499 4090 630 4156 breoircs
648 4093 848 4181 corescripsit
872 4088 911 4158 0.
930 4087 996 4158 W.
1016 4085 1065 4153 Le
1082 4083 1173 4151 Bas:
