2586 4718
561 346 624 406 245

96 581 158 651 per
186 562 293 624 omnia
313 565 343 622 et
363 560 401 620 in
420 557 565 621 omuibus
586 564 740 620 executor
750 553 951 645 pervalidus
970 558 1079 621 intre·

92 680 177 771 pide
203 680 372 744 roboravit
384 698 396 756 ,·
429 698 506 741 nam
525 679 690 765 magistri
706 679 762 739 sui
772 724 782 755 ,
807 675 882 740 dcem
901 674 1009 743 adbuc
1026 680 1079 740 ui·
1157 674 1159 678 ’

99 809 205 880 aeret,
234 800 463 865 commensalis
492 801 654 862 extiterat
665 846 675 877 ,
696 806 728 862 et
745 799 797 862 sic
814 801 927 888 magis
948 798 988 862 de
1008 797 1080 885 ejus

43 973 45 977 .
98 921 299 989 documentis
328 921 477 984 ebriatus
502 920 670 1008 comasius
697 926 801 982 mente
820 919 1000 1000 hauserat,
1023 929 1081 985 at-

100 1064 182 1132 que,
198 1063 299 1130 usquc
313 1040 485 1107 admontis
499 1048 604 1135 metas
619 1061 724 1104 comes
742 1039 956 1122 individuus,
972 1042 1081 1132 ipsum

99 1185 171 1228 cum
189 1163 354 1227 doctrinis
369 1151 408 1224 et=
420 1161 623 1250 opinionibus
642 1163 712 1226 suis
731 1162 1010 1227 concomitabatur
1029 1167 1082 1228 in·

99 1283 228 1372 diffessa
256 1284 415 1349 laborans
431 1289 460 1351 ¹.
517 1281 619 1367 Quum
642 1294 746 1347 autem
769 1280 945 1362 Wicliffus,
967 1280 1019 1348 die
1038 1287 1081 1350 29

101 1403 301 1485 Decembris,
323 1402 377 1494 qui
393 1402 563 1469 memoriae
580 1400 644 1468 diri
660 1400 798 1468 Thomas
813 1403 830 1467 i
846 1400 983 1483 Beckct,
1000 1399 1083 1467 Gan·

100 1524 262 1590 tuariensis
281 1523 438 1614 quondam
458 1522 720 1613 Archiepiscopi,
737 1537 803 1590 erat
820 1522 958 1604 dicatus,
973 1524 1085 1591 Missae

99 1644 341 1710 celebrationem
362 1643 532 1726 audiebat,
545 1641 584 1708 ad
604 1642 724 1711 hostiae
739 1644 961 1724 elevationem,
979 1645 1084 1712 subito

98 1764 232 1854 paralysi
254 1763 453 1832 vehementer
472 1782 634 1854 percussus
653 1763 789 1843 decidit,
810 1765 854 1831 ita
874 1777 907 1831 ut
928 1766 1034 1854 lingua
1053 1767 1084 1832 ei

100 1883 266 1969 haereret;
291 1907 394 1975 neque
414 1884 562 1977 deinceps
575 1908 639 1975 ‚per
658 1884 810 1964 biduum,
835 1882 920 1974 quod
940 1885 1085 1975 spiritum

99 2005 195 2073 etiam
225 2004 334 2084 duxit,
370 2005 504 2096 amplius
533 2005 654 2069 locutus
683 2013 780 2072 es12.
821 2005 971 2070 Vertente
989 2005 1085 2094 igitur

100 2147 182 2192 anno
190 2174 202 2211 ,
219 2123 259 2191 ad
279 2136 396 2190 metam
411 2143 538 2212 quoque
552 2121 633 2188 vitae
644 2123 795 2191 terrestris
805 2124 988 2213 pervenerat
998 2147 1086 2214 mag-

134 2478 143 2513 ¹
169 2494 196 2545 p.
217 2476 297 2530 2660.

128 2561 140 2598 ²
165 2563 233 2612 Haec
265 2561 373 2610 Thomas
398 2558 540 2609 vasconius
569 2560 705 2610 memoriae
731 2560 854 2626 prodidit.
896 2562 984 2612 Exstat
998 2580 1090 2630 nempe

163 2645 215 2695 ils.
233 2644 261 2691 in
280 2642 440 2694 collectione
460 2643 633 2703 (intimiori,
655 2644 748 2694 titulos
765 2645 898 2696 Narratio
907 2648 939 2696 da
949 2654 1034 2697 morta
1042 2662 1088 2696 su-

159 2726 270 2776 bitansd
294 2724 410 2775 Joonm‘s
438 2725 578 2793 Wyctyffs,
607 2729 716 2793 scripta
730 2733 847 2795 propria
865 2746 950 2781 mauu
972 2732 1089 2782 Thomas

166 2811 332 2874 Goscos'yua,
359 2810 386 2857 in
406 2825 457 2872 quo
482 2805 559 2862 hicce¹
574 2814 701 2870 testatur,
722 2828 749 2862 se
766 2829 819 2863 rem
835 2814 867 2864 ds
883 2813 991 2864 Wicliffi
1005 2822 1089 2866 morte

159 2896 288 2960 accepisse
313 2910 328 2944 a
355 2894 472 2944 Johanne
499 2895 612 2954 Horaia,
640 2911 718 2960 quem
743 2913 789 2963 per
807 2897 939 2950 biennium
959 2916 1086 2951 unacum

157 2980 272 3028 Wicliffo
296 2977 455 3028 sacerdotem
480 2980 671 3044 parochialem,
693 2989 742 3040 et,
763 2995 816 3043 quo
836 2984 951 3047 tempore
969 3000 1022 3033 rem
1038 2985 1088 3048 ipsi

157 3062 295 3122 narrabat,
315 3063 508 3126 octogenarium
525 3065 604 3112 luisse
623 3063 704 3127 dicit,
724 3066 838 3113 etmihi
851 3067 979 3129 juravit,
1000 3069 1086 3131 inquit

158 3148 319 3206 vasconius,
349 3147 390 3195 sic
416 3146 549 3195 dicendos
574 3162 590 3192 a
603 3146 682 3195 Sicut
706 3149 870 3212 respondebo
895 3165 986 3200 corum
1005 3153 1082 3211 Deo,

157 3233 223 3282 nost
241 3233 296 3282 isto
306 3232 399 3297 fuisos
410 3244 490 3289 sero,
504 3234 547 3290 u,
562 3232 627 3295 quta
637 3232 711 3291 aidi,
725 3233 912 3283 testimonium
919 3222 1083 3300 perbibui.’'

160 3315 192 3364 In
206 3315 258 3366 line
276 3316 355 3381 hujus
371 3314 527 3364 narrationis
542 3314 626 3375 haec,
646 3332 724 3365 manu
742 3310 982 3387 Vasconiiscripta,
996 3323 1089 3387 legun.

161 3400 221 3449 tur:
241 3398 296 3449 lloc
310 3399 358 3449 tus
373 3401 447 3450 dicit
465 3400 537 3448 mibi
552 3400 659 3450 doctori
679 3401 860 3467 Gauro-iqua,
880 3420 954 3456 ouno
974 3407 1089 3462 Domini

163 3482 241 3532 illd.
269 3484 320 3533 vid.
348 3485 415 3550 apud
438 3484 581 3535 Lauinium.
606 3502 632 3552 p.
651 3485 714 3538 286.
734 3489 973 3541 1t⁰.xlx.**--
992 3494 1090 3547 Vasco.

164 3562 224 3612 nius
248 3565 308 3625 ille,
337 3567 420 3632 patriai
437 3566 621 3628 Ehoracensis,
642 3573 717 3619 natus
733 3575 773 3620 est
788 3588 855 3621 anno
875 3572 952 3625 1403.
973 3575 989 3641 Τ
1010 3577 1088 3632 1457.

165 3648 225 3697 Fuit
241 3648 332 3698 doctor
348 3652 494 3715 theologiae
512 3653 539 3700 in
556 3653 728 3704 Universitate
748 3655 895 3708 Oxoniansi.
932 3660 972 3712 Gi,
992 3662 1087 3714 Wood.

120 3771 130 3792 ,
164 3730 221 3781 tib.
249 3731 288 3783 11.
315 3749 373 3798 pag.
405 3737 464 3788 106.
511 3737 542 3785 ln
561 3738 710 3787 testimonio
728 3740 849 3790 Vasconii
870 3742 1000 3794 Wicliffus
1016 3763 1091 3812 para·

164 3817 215 3881 lysi
241 3832 376 3883 percussus
399 3836 454 3870 esse
478 3817 572 3871 dicitur
587 3823 629 3872 die
646 3822 808 3874 Sanctorum
824 3825 1028 3892 Innocentium,
1045 3834 1091 3896 qui

165 3900 335 3966 praecedebat
353 3901 428 3975 diem
448 3904 540 3955 festum
560 3907 671 3971 Thomas
689 3906 704 3955 d
720 3910 827 3963 becket.
862 3913 914 3962 Alii
938 3930 998 3964 vero
1019 3915 1090 3967 hunc

166 3986 234 4036 diem
251 3986 297 4051 (29
315 3989 391 4054 Dec.)
409 3996 590 4046 memorarunt.
618 3992 676 4047 Vid.
694 3994 826 4058 laughan.
847 3997 905 4046 Vol.
927 3997 963 4049 11.
982 4017 1008 4066 p.
1027 4001 1088 4055 225.

168 4076 223 4123 not.
243 4073 286 4122 38.
827 4091 829 4095 '
