2586 4718
531 377 533 382 ·
561 357 639 420 1243

102 573 142 640 nd
172 594 268 653 verae,
290 570 443 658 scientiae
468 570 586 635 fontem
616 570 854 636 intercluserunt
883 593 999 660 suaque
1030 596 1087 664 pro
1157 613 1161 620 ·

100 694 189 760 libris
208 691 325 758 divinis
341 690 567 758 substituerunt
588 689 713 757 decreta
734 703 766 757 et
786 689 1002 762 traditiones.'’

144 814 193 880 De
221 814 274 879 suri
302 835 374 879 vero
398 811 495 903 ipsius
517 824 616 880 morte
636 811 813 903 saepissime
833 812 1001 880 meditatus
1021 836 1085 880 esse

99 934 234 1005 ridetur.
282 928 396 1023 Neque
423 931 505 998 hanc
533 933 715 1015 metuebat;
753 955 846 999 uuam
877 947 997 1001 tantum
1018 958 1085 1001 rem

99 1054 221 1121 homini
246 1052 424 1121 Christiano
449 1052 650 1120 metuendam
669 1074 734 1120 esse
754 1054 923 1138 censebat,
944 1054 1084 1122 deserere

100 1175 218 1242 scilicet
243 1176 345 1242 officia
372 1199 437 1246 sua.
487 1174 673 1256 Caeterum,
695 1175 818 1265 ajebat,
840 1175 895 1265 qui
917 1175 950 1240 in
969 1176 1085 1244 virtute
1191 1248 1193 1259 ,

98 1289 240 1365 constans
267 1310 336 1377 cst,
364 1295 449 1364 hunc
474 1319 514 1362 ne
541 1310 623 1363 totus
650 1295 778 1387 quidem
806 1295 941 1370 muudus
960 1297 1084 1362 vincere
1190 1275 1192 1279 y

98 1432 212 1509 potest.
260 1419 383 1486 Idcirco
413 1418 446 1484 in
475 1419 568 1485 nullis
595 1441 658 1484 non
686 1415 822 1485 colendis
847 1416 977 1498 officiis,
1005 1439 1085 1507 quae

100 1562 154 1605 sua
178 1530 242 1605 esse
266 1537 420 1619 ducebat,
446 1551 511 1605 erat
530 1538 787 1627 religiosissimus.
836 1561 858 1602 >r
870 1523 1016 1622 Quemvis
1027 1536 1085 1604 ho·

98 1660 238 1738 minem,
267 1660 393 1751 inquit,
424 1656 514 1724 dccet
527 1707 537 1740 ,
568 1658 749 1748 praesertim
780 1671 885 1724 autem
917 1660 1085 1749 presbyte-

98 1803 186 1864 rum,
206 1783 361 1872 respicere
380 1781 475 1846 vitam
496 1757 702 1863 transactam,
721 1793 828 1845 utrum
848 1801 917 1845 eam
937 1775 1085 1847 direxerit

100 1902 139 1968 ad
166 1925 308 1968 normam
337 1902 414 1992 legis
442 1899 590 1981 divinae,
618 1924 656 1964 an
685 1921 757 1965 vero
785 1899 824 1964 ad
850 1899 977 1965 consilia
999 1903 1085 1986 ejus,

100 2025 155 2114 qui
183 2021 364 2090 hominibus
392 2019 532 2085 insidiari
559 2020 647 2087 solet.
695 2018 735 2085 Et
755 2016 838 2086 hauc
858 2019 921 2085 sibi
942 2021 1085 2111 quotidie

100 2142 232 2210 reddere
265 2139 478 2230 unusquisque
512 2138 607 2206 debet
640 2139 812 2211 rationem:
853 2163 928 2207 narn
965 2129 1088 2210 dictum

101 2263 197 2344 illud,
217 2263 386 2329 multorum
405 2262 569 2329 beatorum
586 2285 728 2330 sermone
742 2263 873 2344 tritum,
891 2265 1086 2330 verissimum

99 2400 167 2467 est,
196 2387 298 2453 Deum
324 2408 378 2451 nos
403 2406 467 2450 esse
487 2385 770 2474 interrogatorum,
796 2383 953 2474 quomodo
974 2385 1085 2474 singu·

97 2509 160 2588 los,
181 2531 257 2597 quos
276 2502 316 2571 ad
335 2505 501 2572 visendum
520 2505 611 2571 nobis
629 2504 833 2588 concesserit,
849 2507 997 2597 temporis
1008 2507 1084 2572 arti·
1153 2491 1158 2499 ¹

97 2628 183 2694 culos
210 2627 466 2718 transegerimus,
495 2639 601 2715 utrum
630 2626 731 2707 bene,
760 2649 800 2691 an
819 2627 901 2692 male
917 2634 944 2698 ¹.
992 2628 1082 2696 Hanc

98 2747 310 2839 uuusquisque
333 2761 451 2815 metuat
475 2760 599 2838 oportet
619 2747 659 2814 de
675 2747 736 2814 vitri
756 2747 808 2814 sui
827 2742 1082 2839 responsionem,

97 2869 251 2960 imprimis
274 2887 343 2936 tero
362 2869 544 2960 presbyter,
565 2892 663 2961 quum
679 2867 770 2960 hujus
786 2871 922 2938 officium
939 2872 1082 2963 pluribus

97 2990 244 3080 periculis
267 2991 415 3080 junctum
443 2991 495 3060 sit.
524 3028 570 3041 -
598 2992 794 3081 Praescripta
822 3005 927 3058 autem
953 2994 1081 3059 suntin

96 3113 287 3203 Euangelio,
309 3132 488 3201 quanquam
507 3110 561 3176 alii
580 3109 613 3175 id
632 3111 851 3191 dissimulant,
872 3111 974 3178 officia
993 3136 1081 3203 pres-

96 3234 220 3323 byteri:
257 3245 380 3325 oportet
408 3231 492 3298 hunc
511 3231 667 3322 sapienter
686 3254 756 3300 ores
776 3255 844 3298 suas
863 3255 989 3322 pascere
1008 3257 1081 3306 sano

106 3481 460 3496 m

33 3699 34 3706 ,
128 3660 138 3693 ¹
164 3655 285 3706 Similiter
310 3656 370 3706 alibi
397 3657 518 3708 dicebat:
538 3655 573 3705 In
592 3657 637 3707 tire
655 3658 707 3706 eud
723 3658 815 3727 efflue
832 3661 884 3724 day
903 3662 981 3711 rttnt
997 3665 1085 3716 witero

161 3743 192 3792 in
218 3742 283 3790 tirou
310 3740 370 3789 hort
387 3742 510 3808 offender}
533 3743 607 3802 God,
628 3742 684 3792 ond
701 3743 758 3792 horn
775 3740 855 3792 muci
871 3745 928 3793 ond
946 3746 1003 3797 horn
1023 3752 1082 3816 oft,

160 3829 222 3877 arrd-
242 3826 376 3891 therefore
403 3826 468 3876 icoc
495 3828 583 3876 entire
610 3841 730 3885 sorrow,
757 3828 813 3875 ond
836 3830 933 3877 amend
955 3831 978 3878 tt
1004 3833 1085 3882 while

162 3914 227 3962 tirou
249 3914 362 3976 raspert.
389 3911 415 3959 in
441 3911 545 3962 libe110=
573 3910 691 3961 Arhcrt
710 3909 779 3959 Ruta
795 3912 829 3978 os
847 3913 915 3980 Lisci
953 3916 1084 3981 Pythago.

161 4013 277 4047 rneorum
295 3995 377 4045 illud:
396 3992 443 4058 Πῆ
471 3992 620 4062 capidem
651 3995 686 4043 Ti
714 3995 740 4044 d'
769 3995 870 4064 ἔ’ρεξα,·
896 3996 932 4046 Τί
955 4017 1001 4062 μοι
1020 4001 1085 4053 δέον

164 4080 211 4133 οὐκ
232 4079 390 4146 ἑτελέσθη;
407 4080 452 4130 hic
469 4080 544 4137 nobis
559 4087 651 4150 sponte
669 4081 807 4133 succurrit.

850 4186 936 4241 trs
