<?xml version="1.0" encoding="UTF-8"?>
<!DOCTYPE html PUBLIC "-//W3C//DTD XHTML 1.0 Transitional//EN"
    "http://www.w3.org/TR/xhtml1/DTD/xhtml1-transitional.dtd">
<html xmlns="http://www.w3.org/1999/xhtml" xml:lang="en" lang="en">
 <head>
  <title>
</title>
<meta http-equiv="Content-Type" content="text/html;charset=utf-8" />
  <meta name='ocr-system' content='tesseract 3.04.00' />
  <meta name='ocr-capabilities' content='ocr_page ocr_carea ocr_par ocr_line ocrx_word'/>
</head>
<body>
  <div class='ocr_page' id='page_1' title='image "./diatribeinjohan00unkngoog_0229.png"; bbox 0 0 2586 4718; ppageno 0'>
   <div class='ocr_carea' id='block_1_1' title="bbox 627 262 691 327">
    <p class='ocr_par' dir='ltr' id='par_1_1' title="bbox 627 262 691 327">
     <span class='ocr_line' id='line_1_1' title="bbox 627 262 691 327; baseline 0.063 -4"><span class='ocrx_word' id='word_1_1' title='bbox 627 262 691 327; x_wconf 83' lang='lat'><strong>208</strong></span> 
     </span>
    </p>
   </div>
   <div class='ocr_carea' id='block_1_2' title="bbox 91 473 1221 2138">
    <p class='ocr_par' dir='ltr' id='par_1_2' title="bbox 91 473 1221 2138">
     <span class='ocr_line' id='line_1_2' title="bbox 121 473 1170 572; baseline -0.003 -28"><span class='ocrx_word' id='word_1_2' title='bbox 121 517 123 520; x_wconf 38' lang='lat'><em>⁴</em></span> <span class='ocrx_word' id='word_1_3' title='bbox 165 476 338 569; x_wconf 85' lang='lat' dir='ltr'><strong>dijudicare</strong></span> <span class='ocrx_word' id='word_1_4' title='bbox 361 475 422 564; x_wconf 90' lang='lat' dir='ltr'><strong>ipsi</strong></span> <span class='ocrx_word' id='word_1_5' title='bbox 446 495 604 544; x_wconf 88' lang='lat' dir='ltr'><strong>conemur.</strong></span> <span class='ocrx_word' id='word_1_6' title='bbox 654 473 743 560; x_wconf 81' lang='lat' dir='ltr'><strong>Quod</strong></span> <span class='ocrx_word' id='word_1_7' title='bbox 771 476 860 543; x_wconf 91' lang='lat' dir='ltr'><strong>nobis</strong></span> <span class='ocrx_word' id='word_1_8' title='bbox 879 478 975 561; x_wconf 88' lang='lat' dir='ltr'><strong>lieet,</strong></span> <span class='ocrx_word' id='word_1_9' title='bbox 1001 486 1170 572; x_wconf 68' lang='lat' dir='ltr'><strong>quando...</strong></span> 
     </span>
     <span class='ocr_line' id='line_1_3' title="bbox 165 593 1155 690; baseline 0.008 -24"><span class='ocrx_word' id='word_1_10' title='bbox 165 599 294 690; x_wconf 90' lang='lat' dir='ltr'><strong>quidem</strong></span> <span class='ocrx_word' id='word_1_11' title='bbox 321 595 499 662; x_wconf 83' lang='lat' dir='ltr'><strong>etiamnunc</strong></span> <span class='ocrx_word' id='word_1_12' title='bbox 527 607 623 662; x_wconf 79' lang='lat' dir='ltr'><strong>exstat</strong></span> <span class='ocrx_word' id='word_1_13' title='bbox 651 593 764 685; x_wconf 84' lang='lat' dir='ltr'><strong>duplex</strong></span> <span class='ocrx_word' id='word_1_14' title='bbox 789 599 944 688; x_wconf 81' lang='lat' dir='ltr'><strong>exemplar</strong></span> <span class='ocrx_word' id='word_1_15' title='bbox 964 601 1047 669; x_wconf 89' lang='lat' dir='ltr'><strong>illius</strong></span> <span class='ocrx_word' id='word_1_16' title='bbox 1066 628 1155 674; x_wconf 87' lang='lat' dir='ltr'><strong>oon-</strong></span> 
     </span>
     <span class='ocr_line' id='line_1_4' title="bbox 164 716 1160 818; baseline 0.004 -30"><span class='ocrx_word' id='word_1_17' title='bbox 164 721 326 799; x_wconf 83' lang='lat' dir='ltr'><strong>fesaionis,</strong></span> <span class='ocrx_word' id='word_1_18' title='bbox 355 718 487 788; x_wconf 86' lang='lat' dir='ltr'><strong>alterum</strong></span> <span class='ocrx_word' id='word_1_19' title='bbox 516 716 651 797; x_wconf 88' lang='lat' dir='ltr'><strong>Latine,</strong></span> <span class='ocrx_word' id='word_1_20' title='bbox 682 719 814 806; x_wconf 76' lang='lat' dir='ltr'><strong>huglioe</strong></span> <span class='ocrx_word' id='word_1_21' title='bbox 834 720 967 787; x_wconf 88' lang='lat' dir='ltr'><strong>alterum</strong></span> <span class='ocrx_word' id='word_1_22' title='bbox 986 728 1160 818; x_wconf 87' lang='lat' dir='ltr'><strong>couscrip-</strong></span> 
     </span>
     <span class='ocr_line' id='line_1_5' title="bbox 165 836 1221 931; baseline 0.005 -21"><span class='ocrx_word' id='word_1_23' title='bbox 165 856 255 921; x_wconf 88' lang='lat' dir='ltr'><strong>tum,</strong></span> <span class='ocrx_word' id='word_1_24' title='bbox 289 852 341 920; x_wconf 91' lang='lat' dir='ltr'><strong>ct,</strong></span> <span class='ocrx_word' id='word_1_25' title='bbox 375 836 459 928; x_wconf 90' lang='lat' dir='ltr'><strong>quod</strong></span> <span class='ocrx_word' id='word_1_26' title='bbox 488 837 598 903; x_wconf 81' lang='lat' dir='ltr'><strong>attinet</strong></span> <span class='ocrx_word' id='word_1_27' title='bbox 624 837 664 903; x_wconf 92' lang='lat' dir='ltr'><strong>ad</strong></span> <span class='ocrx_word' id='word_1_28' title='bbox 683 861 857 921; x_wconf 90' lang='lat' dir='ltr'><strong>summam,</strong></span> <span class='ocrx_word' id='word_1_29' title='bbox 881 865 992 931; x_wconf 88' lang='lat' dir='ltr'><strong>parum</strong></span> <span class='ocrx_word' id='word_1_30' title='bbox 1011 844 1097 912; x_wconf 87' lang='lat' dir='ltr'><strong>inter</strong></span> <span class='ocrx_word' id='word_1_31' title='bbox 1117 871 1157 915; x_wconf 84' lang='lat' dir='ltr'><strong>se</strong></span> <span class='ocrx_word' id='word_1_32' title='bbox 1215 842 1221 849; x_wconf 76' lang='grc'><strong>’</strong></span> 
     </span>
     <span class='ocr_line' id='line_1_6' title="bbox 165 960 1155 1059; baseline 0.001 -28"><span class='ocrx_word' id='word_1_33' title='bbox 165 965 333 1033; x_wconf 80' lang='lat' dir='ltr'><strong>diversum.</strong></span> <span class='ocrx_word' id='word_1_34' title='bbox 381 961 524 1026; x_wconf 87' lang='lat' dir='ltr'><strong>Latinam</strong></span> <span class='ocrx_word' id='word_1_35' title='bbox 555 973 658 1033; x_wconf 87' lang='lat' dir='ltr'><strong>autem</strong></span> <span class='ocrx_word' id='word_1_36' title='bbox 687 960 932 1043; x_wconf 78' lang='lat' dir='ltr'><strong>confessionem,</strong></span> <span class='ocrx_word' id='word_1_37' title='bbox 953 965 1021 1031; x_wconf 91' lang='lat' dir='ltr'><strong>stilo</strong></span> <span class='ocrx_word' id='word_1_38' title='bbox 1043 968 1155 1059; x_wconf 86' lang='lat' dir='ltr'><strong>scrip-</strong></span> 
     </span>
     <span class='ocr_line' id='line_1_7' title="bbox 165 1074 1155 1178; baseline 0.001 -24"><span class='ocrx_word' id='word_1_39' title='bbox 165 1101 230 1154; x_wconf 87' lang='lat' dir='ltr'><strong>tam</strong></span> <span class='ocrx_word' id='word_1_40' title='bbox 267 1080 501 1149; x_wconf 87' lang='lat' dir='ltr'><strong>accommodato</strong></span> <span class='ocrx_word' id='word_1_41' title='bbox 530 1079 569 1145; x_wconf 90' lang='lat' dir='ltr'><strong>ad</strong></span> <span class='ocrx_word' id='word_1_42' title='bbox 597 1078 887 1164; x_wconf 82' lang='lat' dir='ltr'><strong>ratiocinationem,</strong></span> <span class='ocrx_word' id='word_1_43' title='bbox 922 1085 975 1152; x_wconf 96' lang='lat' dir='ltr'><strong>illo</strong></span> <span class='ocrx_word' id='word_1_44' title='bbox 997 1074 1155 1178; x_wconf 72' lang='lat' dir='ltr'><strong>tempore</strong></span> 
     </span>
     <span class='ocr_line' id='line_1_8' title="bbox 164 1200 1154 1294; baseline 0 -20"><span class='ocrx_word' id='word_1_45' title='bbox 164 1207 310 1274; x_wconf 88' lang='lat' dir='ltr'><strong>usitatam</strong></span> <span class='ocrx_word' id='word_1_46' title='bbox 340 1202 372 1267; x_wconf 93' lang='lat' dir='ltr'><strong>in</strong></span> <span class='ocrx_word' id='word_1_47' title='bbox 399 1200 533 1280; x_wconf 85' lang='lat' dir='ltr'><strong>scholis,</strong></span> <span class='ocrx_word' id='word_1_48' title='bbox 553 1202 723 1267; x_wconf 88' lang='lat' dir='ltr'><strong>abstrusam</strong></span> <span class='ocrx_word' id='word_1_49' title='bbox 735 1238 750 1280; x_wconf 92' lang='lat'><strong>,·</strong></span> <span class='ocrx_word' id='word_1_50' title='bbox 770 1201 1062 1294; x_wconf 88' lang='lat' dir='ltr'><strong>intricatamatque</strong></span> <span class='ocrx_word' id='word_1_51' title='bbox 1083 1209 1154 1274; x_wconf 92' lang='lat' dir='ltr'><strong>im-</strong></span> 
     </span>
     <span class='ocr_line' id='line_1_9' title="bbox 164 1320 1153 1422; baseline 0.001 -28"><span class='ocrx_word' id='word_1_52' title='bbox 164 1328 304 1422; x_wconf 90' lang='lat' dir='ltr'><strong>plicitam</strong></span> <span class='ocrx_word' id='word_1_53' title='bbox 321 1346 385 1390; x_wconf 84' lang='lat' dir='ltr'><strong>esse</strong></span> <span class='ocrx_word' id='word_1_54' title='bbox 402 1320 548 1412; x_wconf 88' lang='lat' dir='ltr'><strong>equidem</strong></span> <span class='ocrx_word' id='word_1_55' title='bbox 563 1344 627 1387; x_wconf 89' lang='lat' dir='ltr'><strong>non</strong></span> <span class='ocrx_word' id='word_1_56' title='bbox 645 1321 819 1394; x_wconf 85' lang='lat' dir='ltr'><strong>diffitebor:</strong></span> <span class='ocrx_word' id='word_1_57' title='bbox 838 1346 940 1415; x_wconf 83' lang='lat' dir='ltr'><strong>neque</strong></span> <span class='ocrx_word' id='word_1_58' title='bbox 955 1326 1048 1416; x_wconf 78' lang='lat' dir='ltr'><strong>isego</strong></span> <span class='ocrx_word' id='word_1_59' title='bbox 1060 1351 1131 1395; x_wconf 90' lang='lat' dir='ltr'><strong>sum</strong></span> <span class='ocrx_word' id='word_1_60' title='bbox 1140 1381 1153 1412; x_wconf 91' lang='lat'><strong>,</strong></span> 
     </span>
     <span class='ocr_line' id='line_1_10' title="bbox 164 1442 1152 1540; baseline 0.002 -24"><span class='ocrx_word' id='word_1_61' title='bbox 164 1451 219 1540; x_wconf 89' lang='lat' dir='ltr'><strong>qui</strong></span> <span class='ocrx_word' id='word_1_62' title='bbox 247 1445 430 1536; x_wconf 88' lang='lat' dir='ltr'><strong>discipliuae</strong></span> <span class='ocrx_word' id='word_1_63' title='bbox 458 1442 659 1508; x_wconf 82' lang='lat' dir='ltr'><strong>scholasticae</strong></span> <span class='ocrx_word' id='word_1_64' title='bbox 688 1445 773 1514; x_wconf 86' lang='lat' dir='ltr'><strong>mille</strong></span> <span class='ocrx_word' id='word_1_65' title='bbox 799 1444 896 1512; x_wconf 91' lang='lat' dir='ltr'><strong>nodos</strong></span> <span class='ocrx_word' id='word_1_66' title='bbox 921 1450 1152 1539; x_wconf 72' lang='lat' dir='ltr'><strong>etiaeuigmata</strong></span> 
     </span>
     <span class='ocr_line' id='line_1_11' title="bbox 91 1561 1152 1662; baseline 0.004 -27"><span class='ocrx_word' id='word_1_67' title='bbox 91 1581 93 1586; x_wconf 88' lang='lat'>&#39;</span> <span class='ocrx_word' id='word_1_68' title='bbox 163 1569 324 1662; x_wconf 79' lang='lat' dir='ltr'><strong>expediam</strong></span> <span class='ocrx_word' id='word_1_69' title='bbox 338 1590 348 1648; x_wconf 82' lang='lat'>3</span> <span class='ocrx_word' id='word_1_70' title='bbox 366 1561 445 1629; x_wconf 89' lang='lat' dir='ltr'><strong>illud</strong></span> <span class='ocrx_word' id='word_1_71' title='bbox 466 1575 569 1628; x_wconf 89' lang='lat' dir='ltr'><strong>tamen</strong></span> <span class='ocrx_word' id='word_1_72' title='bbox 586 1586 621 1629; x_wconf 87' lang='lat' dir='ltr'><strong>er</strong></span> <span class='ocrx_word' id='word_1_73' title='bbox 637 1565 773 1632; x_wconf 91' lang='lat' dir='ltr'><strong>tenebris</strong></span> <span class='ocrx_word' id='word_1_74' title='bbox 788 1565 854 1636; x_wconf 81' lang='lat' dir='ltr'><strong>istis</strong></span> <span class='ocrx_word' id='word_1_75' title='bbox 869 1567 963 1634; x_wconf 87' lang='lat' dir='ltr'><strong>facile</strong></span> <span class='ocrx_word' id='word_1_76' title='bbox 976 1570 1044 1635; x_wconf 87' lang='lat' dir='ltr'><strong>erui</strong></span> <span class='ocrx_word' id='word_1_77' title='bbox 1058 1595 1152 1660; x_wconf 87' lang='lat' dir='ltr'><strong>posse</strong></span> 
     </span>
     <span class='ocr_line' id='line_1_12' title="bbox 164 1682 1152 1768; baseline -0.001 -9"><span class='ocrx_word' id='word_1_78' title='bbox 164 1691 322 1768; x_wconf 84' lang='lat' dir='ltr'><strong>arbitror,</strong></span> <span class='ocrx_word' id='word_1_79' title='bbox 350 1683 527 1751; x_wconf 88' lang='lat' dir='ltr'><strong>Wicliffum</strong></span> <span class='ocrx_word' id='word_1_80' title='bbox 554 1682 588 1748; x_wconf 91' lang='lat' dir='ltr'><strong>iu</strong></span> <span class='ocrx_word' id='word_1_81' title='bbox 607 1682 716 1749; x_wconf 74' lang='lat' dir='ltr'><strong>eidem</strong></span> <span class='ocrx_word' id='word_1_82' title='bbox 739 1698 813 1751; x_wconf 88' lang='lat' dir='ltr'><strong>tune</strong></span> <span class='ocrx_word' id='word_1_83' title='bbox 830 1688 976 1755; x_wconf 90' lang='lat' dir='ltr'><strong>mansisse</strong></span> <span class='ocrx_word' id='word_1_84' title='bbox 993 1692 1152 1759; x_wconf 72' lang='lat' dir='ltr'><strong>sententia</strong></span> 
     </span>
     <span class='ocr_line' id='line_1_13' title="bbox 164 1801 1153 1898; baseline -0.004 -16"><span class='ocrx_word' id='word_1_85' title='bbox 164 1815 204 1881; x_wconf 91' lang='lat' dir='ltr'><strong>de</strong></span> <span class='ocrx_word' id='word_1_86' title='bbox 228 1816 423 1879; x_wconf 84' lang='lat' dir='ltr'><strong>sacramento</strong></span> <span class='ocrx_word' id='word_1_87' title='bbox 453 1801 693 1887; x_wconf 77' lang='lat' dir='ltr'><strong>Eucharistiae,</strong></span> <span class='ocrx_word' id='word_1_88' title='bbox 718 1818 812 1897; x_wconf 90' lang='lat' dir='ltr'><strong>atque</strong></span> <span class='ocrx_word' id='word_1_89' title='bbox 832 1808 934 1874; x_wconf 86' lang='lat' dir='ltr'><strong>fuerat</strong></span> <span class='ocrx_word' id='word_1_90' title='bbox 946 1811 1013 1898; x_wconf 81' lang='lat' dir='ltr'><strong>jam</strong></span> <span class='ocrx_word' id='word_1_91' title='bbox 1034 1824 1153 1895; x_wconf 84' lang='lat' dir='ltr'><strong>antea,</strong></span> 
     </span>
     <span class='ocr_line' id='line_1_14' title="bbox 162 1925 1153 2026; baseline -0.004 -23"><span class='ocrx_word' id='word_1_92' title='bbox 162 1955 265 2026; x_wconf 84' lang='lat' dir='ltr'><strong>neque</strong></span> <span class='ocrx_word' id='word_1_93' title='bbox 286 1951 357 1996; x_wconf 90' lang='lat' dir='ltr'><strong>eum</strong></span> <span class='ocrx_word' id='word_1_94' title='bbox 378 1927 442 1992; x_wconf 89' lang='lat' dir='ltr'><strong>ullo</strong></span> <span class='ocrx_word' id='word_1_95' title='bbox 461 1925 556 1992; x_wconf 89' lang='lat' dir='ltr'><strong>modo</strong></span> <span class='ocrx_word' id='word_1_96' title='bbox 573 1925 726 1991; x_wconf 90' lang='lat' dir='ltr'><strong>calculum</strong></span> <span class='ocrx_word' id='word_1_97' title='bbox 748 1926 894 2016; x_wconf 88' lang='lat' dir='ltr'><strong>adjecisse</strong></span> <span class='ocrx_word' id='word_1_98' title='bbox 914 1929 1019 2020; x_wconf 90' lang='lat' dir='ltr'><strong>impiis</strong></span> <span class='ocrx_word' id='word_1_99' title='bbox 1038 1930 1153 1999; x_wconf 84' lang='lat' dir='ltr'><strong>Ponti-</strong></span> 
     </span>
     <span class='ocr_line' id='line_1_15' title="bbox 163 2043 1148 2138; baseline -0.003 -13"><span class='ocrx_word' id='word_1_100' title='bbox 163 2058 306 2124; x_wconf 80' lang='lat' dir='ltr'><strong>liciorum</strong></span> <span class='ocrx_word' id='word_1_101' title='bbox 334 2043 490 2138; x_wconf 77' lang='lat' dir='ltr'><strong>figmentis</strong></span> <span class='ocrx_word' id='word_1_102' title='bbox 515 2059 544 2112; x_wconf 91' lang='lat' dir='ltr'><strong>et</strong></span> <span class='ocrx_word' id='word_1_103' title='bbox 564 2047 736 2136; x_wconf 82' lang='lat' dir='ltr'><strong>praestigiis</strong></span> <span class='ocrx_word' id='word_1_104' title='bbox 757 2047 840 2113; x_wconf 90' lang='lat' dir='ltr'><strong>circa</strong></span> <span class='ocrx_word' id='word_1_105' title='bbox 857 2046 939 2114; x_wconf 93' lang='lat' dir='ltr'><strong>hanc</strong></span> <span class='ocrx_word' id='word_1_106' title='bbox 957 2048 1148 2122; x_wconf 86' lang='lat' dir='ltr'><strong>doctrinam.</strong></span> 
     </span>
    </p>
   </div>
   <div class='ocr_carea' id='block_1_3' title="bbox 126 2164 1154 2258">
    <p class='ocr_par' dir='ltr' id='par_1_3' title="bbox 126 2164 1154 2258">
     <span class='ocr_line' id='line_1_16' title="bbox 126 2164 1154 2258; baseline 0.032 -68"><span class='ocrx_word' id='word_1_107' title='bbox 126 2189 128 2191; x_wconf 76' lang='grc'><strong>,</strong></span> <span class='ocrx_word' id='word_1_108' title='bbox 163 2180 235 2250; x_wconf 79' lang='lat' dir='ltr'><strong>Huc</strong></span> <span class='ocrx_word' id='word_1_109' title='bbox 254 2172 373 2243; x_wconf 79' lang='lat' dir='ltr'><strong>scilicet</strong></span> <span class='ocrx_word' id='word_1_110' title='bbox 391 2166 473 2234; x_wconf 88' lang='lat' dir='ltr'><strong>redit</strong></span> <span class='ocrx_word' id='word_1_111' title='bbox 492 2181 556 2234; x_wconf 87' lang='lat' dir='ltr'><strong>tota</strong></span> <span class='ocrx_word' id='word_1_112' title='bbox 570 2166 761 2258; x_wconf 87' lang='lat' dir='ltr'><strong>disputatio:</strong></span> <span class='ocrx_word' id='word_1_113' title='bbox 782 2171 929 2255; x_wconf 79' lang='lat' dir='ltr'><strong>symbolo</strong></span> <span class='ocrx_word' id='word_1_114' title='bbox 944 2193 1064 2237; x_wconf 81' lang='lat' dir='ltr'><strong>sacrae</strong></span> <span class='ocrx_word' id='word_1_115' title='bbox 1076 2164 1154 2240; x_wconf 58' lang='lat'><em>¹003.</em></span> 
     </span>
    </p>
   </div>
   <div class='ocr_carea' id='block_1_4' title="bbox 78 2292 1155 3126">
    <p class='ocr_par' dir='ltr' id='par_1_4' title="bbox 78 2292 1155 3126">
     <span class='ocr_line' id='line_1_17' title="bbox 163 2292 1155 2379; baseline -0.016 -15"><span class='ocrx_word' id='word_1_116' title='bbox 163 2324 227 2369; x_wconf 81' lang='lat' dir='ltr'><strong>nae</strong></span> <span class='ocrx_word' id='word_1_117' title='bbox 250 2295 378 2363; x_wconf 68' lang='lat' dir='ltr'><strong>naturai</strong></span> <span class='ocrx_word' id='word_1_118' title='bbox 401 2293 465 2355; x_wconf 76' lang='lat' dir='ltr'><strong>sud</strong></span> <span class='ocrx_word' id='word_1_119' title='bbox 488 2298 564 2355; x_wconf 78' lang='lat' dir='ltr'><strong>aurat</strong></span> <span class='ocrx_word' id='word_1_120' title='bbox 579 2294 681 2379; x_wconf 74' lang='lat' dir='ltr'><strong>partis</strong></span> <span class='ocrx_word' id='word_1_121' title='bbox 701 2297 732 2352; x_wconf 84' lang='lat' dir='ltr'><strong>et</strong></span> <span class='ocrx_word' id='word_1_122' title='bbox 750 2293 882 2370; x_wconf 80' lang='lat' dir='ltr'><strong>uiuum,</strong></span> <span class='ocrx_word' id='word_1_123' title='bbox 907 2292 969 2358; x_wconf 82' lang='lat' dir='ltr'><strong>sed</strong></span> <span class='ocrx_word' id='word_1_124' title='bbox 984 2295 1021 2357; x_wconf 82' lang='lat' dir='ltr'><strong>oi</strong></span> <span class='ocrx_word' id='word_1_125' title='bbox 1035 2303 1068 2358; x_wconf 84' lang='lat' dir='ltr'><strong>et</strong></span> <span class='ocrx_word' id='word_1_126' title='bbox 1085 2316 1155 2362; x_wconf 83' lang='lat' dir='ltr'><strong>ra.</strong></span> 
     </span>
     <span class='ocr_line' id='line_1_18' title="bbox 162 2396 1153 2506; baseline -0.016 -15"><span class='ocrx_word' id='word_1_127' title='bbox 162 2431 249 2493; x_wconf 74' lang='lat' dir='ltr'><strong>tione</strong></span> <span class='ocrx_word' id='word_1_128' title='bbox 281 2416 488 2484; x_wconf 79' lang='lat' dir='ltr'><strong>sacramenti</strong></span> <span class='ocrx_word' id='word_1_129' title='bbox 519 2410 717 2502; x_wconf 62' lang='lat' dir='ltr'><strong>sagrzafiaant</strong></span> <span class='ocrx_word' id='word_1_130' title='bbox 729 2413 731 2415; x_wconf 69' lang='grc'><strong><em>’</em></strong></span> <span class='ocrx_word' id='word_1_131' title='bbox 744 2434 864 2502; x_wconf 80' lang='lat' dir='ltr'><strong>corpus</strong></span> <span class='ocrx_word' id='word_1_132' title='bbox 894 2423 926 2478; x_wconf 82' lang='lat' dir='ltr'><strong>et</strong></span> <span class='ocrx_word' id='word_1_133' title='bbox 954 2396 1153 2506; x_wconf 68' lang='lat' dir='ltr'><strong>sauguinem</strong></span> 
     </span>
     <span class='ocr_line' id='line_1_19' title="bbox 169 2531 1155 2628; baseline -0.005 -16"><span class='ocrx_word' id='word_1_134' title='bbox 169 2546 301 2619; x_wconf 70' lang='lat' dir='ltr'><strong>Chresti</strong></span> <span class='ocrx_word' id='word_1_135' title='bbox 316 2548 344 2610; x_wconf 87' lang='lat'><strong>¹.</strong></span> <span class='ocrx_word' id='word_1_136' title='bbox 400 2532 531 2602; x_wconf 85' lang='lat' dir='ltr'><strong>Modum</strong></span> <span class='ocrx_word' id='word_1_137' title='bbox 552 2555 646 2614; x_wconf 79' lang='lat' dir='ltr'><strong>vero,</strong></span> <span class='ocrx_word' id='word_1_138' title='bbox 671 2556 733 2622; x_wconf 93' lang='lat' dir='ltr'><strong>quo</strong></span> <span class='ocrx_word' id='word_1_139' title='bbox 753 2531 836 2599; x_wconf 93' lang='lat' dir='ltr'><strong>hanc</strong></span> <span class='ocrx_word' id='word_1_140' title='bbox 855 2538 1038 2604; x_wconf 89' lang='lat' dir='ltr'><strong>sententiam</strong></span> <span class='ocrx_word' id='word_1_141' title='bbox 1057 2559 1155 2628; x_wconf 77' lang='lat' dir='ltr'><strong>argu-</strong></span> 
     </span>
     <span class='ocr_line' id='line_1_20' title="bbox 162 2654 1153 2745; baseline -0.013 -7"><span class='ocrx_word' id='word_1_142' title='bbox 162 2677 317 2737; x_wconf 88' lang='lat' dir='ltr'><strong>mentatus</strong></span> <span class='ocrx_word' id='word_1_143' title='bbox 339 2672 404 2738; x_wconf 89' lang='lat' dir='ltr'><strong>est,</strong></span> <span class='ocrx_word' id='word_1_144' title='bbox 425 2654 592 2722; x_wconf 85' lang='lat' dir='ltr'><strong>obscurum</strong></span> <span class='ocrx_word' id='word_1_145' title='bbox 612 2654 760 2723; x_wconf 80' lang='lat' dir='ltr'><strong>invenies.</strong></span> <span class='ocrx_word' id='word_1_146' title='bbox 810 2655 981 2745; x_wconf 79' lang='lat' dir='ltr'><strong>Distinguit</strong></span> <span class='ocrx_word' id='word_1_147' title='bbox 999 2658 1081 2724; x_wconf 92' lang='lat' dir='ltr'><strong>iuter</strong></span> <span class='ocrx_word' id='word_1_148' title='bbox 1096 2682 1153 2726; x_wconf 86' lang='lat' dir='ltr'><strong>ra-</strong></span> 
     </span>
     <span class='ocr_line' id='line_1_21' title="bbox 78 2771 1153 2871; baseline -0.01 -12"><span class='ocrx_word' id='word_1_149' title='bbox 78 2793 81 2800; x_wconf 75' lang='grc'>’</span> <span class='ocrx_word' id='word_1_150' title='bbox 162 2793 302 2865; x_wconf 88' lang='lat' dir='ltr'><strong>tionem,</strong></span> <span class='ocrx_word' id='word_1_151' title='bbox 327 2802 389 2871; x_wconf 83' lang='lat' dir='ltr'><strong>qua</strong></span> <span class='ocrx_word' id='word_1_152' title='bbox 408 2797 520 2864; x_wconf 88' lang='lat' dir='ltr'><strong>corpus</strong></span> <span class='ocrx_word' id='word_1_153' title='bbox 540 2771 657 2851; x_wconf 75' lang='lat' dir='ltr'><strong>Christi</strong></span> <span class='ocrx_word' id='word_1_154' title='bbox 672 2774 760 2841; x_wconf 89' lang='lat' dir='ltr'><strong>adest</strong></span> <span class='ocrx_word' id='word_1_155' title='bbox 779 2775 812 2840; x_wconf 93' lang='lat' dir='ltr'><strong>in</strong></span> <span class='ocrx_word' id='word_1_156' title='bbox 832 2775 933 2844; x_wconf 72' lang='lat' dir='ltr'><strong>hostia</strong></span> <span class='ocrx_word' id='word_1_157' title='bbox 952 2779 1153 2864; x_wconf 71' lang='lat' dir='ltr'><strong>consecrata,</strong></span> 
     </span>
     <span class='ocr_line' id='line_1_22' title="bbox 163 2871 1150 2999; baseline -0.017 -28"><span class='ocrx_word' id='word_1_158' title='bbox 163 2926 194 2979; x_wconf 79' lang='lat' dir='ltr'><strong>et</strong></span> <span class='ocrx_word' id='word_1_159' title='bbox 213 2930 274 2999; x_wconf 86' lang='lat' dir='ltr'><strong>qua</strong></span> <span class='ocrx_word' id='word_1_160' title='bbox 294 2901 380 2968; x_wconf 88' lang='lat' dir='ltr'><strong>adast</strong></span> <span class='ocrx_word' id='word_1_161' title='bbox 400 2897 434 2963; x_wconf 92' lang='lat' dir='ltr'><strong>in</strong></span> <span class='ocrx_word' id='word_1_162' title='bbox 454 2895 552 2963; x_wconf 86' lang='lat' dir='ltr'><strong>coelo.</strong></span> <span class='ocrx_word' id='word_1_163' title='bbox 607 2894 802 2977; x_wconf 75' lang='lat' dir='ltr'><strong>Credimus,</strong></span> <span class='ocrx_word' id='word_1_164' title='bbox 824 2897 927 2987; x_wconf 87' lang='lat' dir='ltr'><strong>iuquit</strong></span> <span class='ocrx_word' id='word_1_165' title='bbox 938 2947 950 2978; x_wconf 95' lang='lat'><strong>,</strong></span> <span class='ocrx_word' id='word_1_166' title='bbox 970 2871 1060 2988; x_wconf 72' lang='lat' dir='ltr'><strong>qnod</strong></span> <span class='ocrx_word' id='word_1_167' title='bbox 1076 2908 1150 2966; x_wconf 53' lang='lat' dir='ltr'><strong>trs.</strong></span> 
     </span>
     <span class='ocr_line' id='line_1_23' title="bbox 155 3013 1153 3126; baseline -0.013 -32"><span class='ocrx_word' id='word_1_168' title='bbox 155 3037 241 3126; x_wconf 71' lang='lat' dir='ltr'><strong>plear</strong></span> <span class='ocrx_word' id='word_1_169' title='bbox 260 3033 310 3093; x_wconf 82' lang='lat' dir='ltr'><strong>est</strong></span> <span class='ocrx_word' id='word_1_170' title='bbox 328 3018 443 3103; x_wconf 83' lang='lat' dir='ltr'><strong>modus</strong></span> <span class='ocrx_word' id='word_1_171' title='bbox 459 3015 592 3093; x_wconf 73' lang='lat' dir='ltr'><strong>essendi</strong></span> <span class='ocrx_word' id='word_1_172' title='bbox 600 3014 647 3104; x_wconf 91' lang='lat' dir='ltr'><strong>(id</strong></span> <span class='ocrx_word' id='word_1_173' title='bbox 657 3029 703 3083; x_wconf 89' lang='lat' dir='ltr'><strong>est</strong></span> <span class='ocrx_word' id='word_1_174' title='bbox 714 3025 766 3085; x_wconf 81' lang='grc' dir='ltr'><strong>τοῦ</strong></span> <span class='ocrx_word' id='word_1_175' title='bbox 776 3013 869 3104; x_wconf 78' lang='grc' dir='ltr'>εἶναι)</span> <span class='ocrx_word' id='word_1_176' title='bbox 881 3041 1002 3111; x_wconf 77' lang='lat' dir='ltr'><strong>corpas</strong></span> <span class='ocrx_word' id='word_1_177' title='bbox 1016 3020 1153 3102; x_wconf 72' lang='lat' dir='ltr'><strong>Christi</strong></span> 
     </span>
    </p>
   </div>
   <div class='ocr_carea' id='block_1_5' title="bbox 636 3238 1126 3267">
    <p class='ocr_par' dir='ltr' id='par_1_5' title="bbox 636 3238 1126 3267">
     <span class='ocr_line' id='line_1_24' title="bbox 636 3238 1126 3267; baseline -0.02 10"><span class='ocrx_word' id='word_1_178' title='bbox 636 3251 643 3263; x_wconf 90' lang='grc'>’</span> <span class='ocrx_word' id='word_1_179' title='bbox 1111 3238 1126 3267; x_wconf 62' lang='lat' dir='ltr'>N</span> 
     </span>
    </p>
   </div>
   <div class='ocr_carea' id='block_1_6' title="bbox 194 3335 1160 4072">
    <p class='ocr_par' dir='ltr' id='par_1_6' title="bbox 226 3335 1160 3659">
     <span class='ocr_line' id='line_1_25' title="bbox 227 3335 1156 3413; baseline -0.001 -23"><span class='ocrx_word' id='word_1_180' title='bbox 227 3348 258 3392; x_wconf 80' lang='lat' dir='ltr'><strong>nt</strong></span> <span class='ocrx_word' id='word_1_181' title='bbox 274 3342 401 3413; x_wconf 74' lang='lat' dir='ltr'><strong>parerat,</strong></span> <span class='ocrx_word' id='word_1_182' title='bbox 418 3342 450 3386; x_wconf 77' lang='lat' dir='ltr'><strong>ut</strong></span> <span class='ocrx_word' id='word_1_183' title='bbox 468 3337 550 3386; x_wconf 73' lang='lat' dir='ltr'><strong>atium</strong></span> <span class='ocrx_word' id='word_1_184' title='bbox 566 3337 697 3386; x_wconf 71' lang='lat' dir='ltr'><strong>moluerit</strong></span> <span class='ocrx_word' id='word_1_185' title='bbox 713 3335 901 3386; x_wconf 74' lang='lat' dir='ltr'><strong>volontarium</strong></span> <span class='ocrx_word' id='word_1_186' title='bbox 909 3345 1005 3402; x_wconf 77' lang='lat' dir='ltr'><strong>patara</strong></span> <span class='ocrx_word' id='word_1_187' title='bbox 1023 3337 1156 3402; x_wconf 69' lang='lat' dir='ltr'><strong>esiliam,</strong></span> 
     </span>
     <span class='ocr_line' id='line_1_26' title="bbox 226 3419 1158 3494; baseline -0.002 -19"><span class='ocrx_word' id='word_1_188' title='bbox 226 3441 308 3494; x_wconf 78' lang='lat' dir='ltr'><strong>quam</strong></span> <span class='ocrx_word' id='word_1_189' title='bbox 326 3427 431 3473; x_wconf 76' lang='lat' dir='ltr'><strong>mutare</strong></span> <span class='ocrx_word' id='word_1_190' title='bbox 449 3421 647 3471; x_wconf 56' lang='lat' dir='ltr'><strong>„stantiam”</strong></span> <span class='ocrx_word' id='word_1_191' title='bbox 683 3419 756 3482; x_wconf 85' lang='lat' dir='ltr'><strong>Quod</strong></span> <span class='ocrx_word' id='word_1_192' title='bbox 774 3420 955 3471; x_wconf 83' lang='lat' dir='ltr'><strong>testimonium·</strong></span> <span class='ocrx_word' id='word_1_193' title='bbox 970 3422 1082 3487; x_wconf 77' lang='lat' dir='ltr'><strong>alicujus</strong></span> <span class='ocrx_word' id='word_1_194' title='bbox 1099 3439 1158 3474; x_wconf 74' lang='lat' dir='ltr'><strong>eoae</strong></span> 
     </span>
     <span class='ocr_line' id='line_1_27' title="bbox 227 3504 1160 3570; baseline -0.004 -8"><span class='ocrx_word' id='word_1_195' title='bbox 227 3511 348 3567; x_wconf 88' lang='lat' dir='ltr'><strong>momenti</strong></span> <span class='ocrx_word' id='word_1_196' title='bbox 365 3508 482 3567; x_wconf 81' lang='lat' dir='ltr'><strong>ridetur,</strong></span> <span class='ocrx_word' id='word_1_197' title='bbox 500 3507 620 3570; x_wconf 86' lang='lat' dir='ltr'><strong>qnoniam</strong></span> <span class='ocrx_word' id='word_1_198' title='bbox 637 3505 681 3553; x_wconf 86' lang='lat' dir='ltr'><strong>ille</strong></span> <span class='ocrx_word' id='word_1_199' title='bbox 702 3504 822 3568; x_wconf 78' lang='lat' dir='ltr'><strong>Virgilius</strong></span> <span class='ocrx_word' id='word_1_200' title='bbox 837 3511 967 3555; x_wconf 87' lang='lat' dir='ltr'><strong>caeterum</strong></span> <span class='ocrx_word' id='word_1_201' title='bbox 982 3505 1160 3569; x_wconf 60' lang='lat' dir='ltr'><strong>injustam·</strong></span> 
     </span>
     <span class='ocr_line' id='line_1_28' title="bbox 227 3589 859 3659; baseline -0.011 -12"><span class='ocrx_word' id='word_1_202' title='bbox 227 3599 323 3659; x_wconf 84' lang='lat' dir='ltr'><strong>oliffum</strong></span> <span class='ocrx_word' id='word_1_203' title='bbox 342 3594 503 3653; x_wconf 78' lang='lat' dir='ltr'><strong>aestimavit,</strong></span> <span class='ocrx_word' id='word_1_204' title='bbox 525 3591 583 3640; x_wconf 89' lang='lat' dir='ltr'><strong>odio</strong></span> <span class='ocrx_word' id='word_1_205' title='bbox 605 3592 631 3638; x_wconf 89' lang='lat' dir='ltr'><strong>in</strong></span> <span class='ocrx_word' id='word_1_206' title='bbox 651 3605 708 3639; x_wconf 89' lang='lat' dir='ltr'><strong>eum</strong></span> <span class='ocrx_word' id='word_1_207' title='bbox 728 3589 859 3654; x_wconf 80' lang='lat' dir='ltr'><strong>abreptus.</strong></span> 
     </span>
    </p>

    <p class='ocr_par' dir='ltr' id='par_1_7' title="bbox 194 3667 1157 4072">
     <span class='ocr_line' id='line_1_29' title="bbox 194 3667 1157 3746; baseline -0.003 -15"><span class='ocrx_word' id='word_1_208' title='bbox 194 3687 205 3724; x_wconf 87' lang='lat'><strong>1</strong></span> <span class='ocrx_word' id='word_1_209' title='bbox 232 3696 307 3734; x_wconf 68' lang='lat'><strong>»⁶—</strong></span> <span class='ocrx_word' id='word_1_210' title='bbox 321 3682 468 3746; x_wconf 78' lang='lat' dir='ltr'><strong>pom’mua,</strong></span> <span class='ocrx_word' id='word_1_211' title='bbox 489 3675 639 3725; x_wconf 74' lang='lat' dir='ltr'><strong>venerabile</strong></span> <span class='ocrx_word' id='word_1_212' title='bbox 660 3682 859 3725; x_wconf 75' lang='lat' dir='ltr'><strong>sacromentum</strong></span> <span class='ocrx_word' id='word_1_213' title='bbox 876 3667 978 3728; x_wconf 75' lang='lat' dir='ltr'><strong>altaria</strong></span> <span class='ocrx_word' id='word_1_214' title='bbox 994 3693 1050 3727; x_wconf 81' lang='lat' dir='ltr'><strong>aare</strong></span> <span class='ocrx_word' id='word_1_215' title='bbox 1068 3685 1157 3728; x_wconf 73' lang='lat' dir='ltr'><strong>notu-</strong></span> 
     </span>
     <span class='ocr_line' id='line_1_30' title="bbox 227 3761 1155 3831; baseline -0.006 -11"><span class='ocrx_word' id='word_1_216' title='bbox 227 3769 326 3820; x_wconf 80' lang='lat' dir='ltr'><strong>rols&#39;ter</strong></span> <span class='ocrx_word' id='word_1_217' title='bbox 344 3780 442 3831; x_wconf 76' lang='lat' dir='ltr'><strong>ponem</strong></span> <span class='ocrx_word' id='word_1_218' title='bbox 459 3769 485 3811; x_wconf 80' lang='lat' dir='ltr'><strong>at</strong></span> <span class='ocrx_word' id='word_1_219' title='bbox 502 3764 615 3821; x_wconf 73' lang='lat' dir='ltr'><strong>einum,</strong></span> <span class='ocrx_word' id='word_1_220' title='bbox 637 3761 927 3812; x_wconf 73' lang='lat' dir='ltr'><strong>aedaoaromenmla&#39;tor</strong></span> <span class='ocrx_word' id='word_1_221' title='bbox 937 3777 1034 3828; x_wconf 77' lang='lat' dir='ltr'><strong>corpor</strong></span> <span class='ocrx_word' id='word_1_222' title='bbox 1045 3761 1155 3824; x_wconf 68' lang='lat' dir='ltr'><strong>castata</strong></span> 
     </span>
     <span class='ocr_line' id='line_1_31' title="bbox 225 3844 1152 3920; baseline -0.008 -16"><span class='ocrx_word' id='word_1_223' title='bbox 225 3861 251 3905; x_wconf 85' lang='lat' dir='ltr'><strong>at</strong></span> <span class='ocrx_word' id='word_1_224' title='bbox 276 3851 446 3916; x_wconf 73' lang='lat' dir='ltr'><strong>sanquinem·</strong></span> <span class='ocrx_word' id='word_1_225' title='bbox 474 3871 525 3882; x_wconf 86' lang='lat'><strong>·-</strong></span> <span class='ocrx_word' id='word_1_226' title='bbox 554 3844 629 3920; x_wconf 77' lang='lat' dir='ltr'><strong>Quod</strong></span> <span class='ocrx_word' id='word_1_227' title='bbox 646 3850 750 3908; x_wconf 82' lang='lat' dir='ltr'><strong>oportet</strong></span> <span class='ocrx_word' id='word_1_228' title='bbox 769 3847 809 3894; x_wconf 80' lang='lat' dir='ltr'><strong>aa&#39;c</strong></span> <span class='ocrx_word' id='word_1_229' title='bbox 826 3848 966 3919; x_wconf 73' lang='lat' dir='ltr'><strong>intella‘qa&#39;,</strong></span> <span class='ocrx_word' id='word_1_230' title='bbox 990 3850 1061 3913; x_wconf 72' lang='lat' dir='ltr'><strong>quod</strong></span> <span class='ocrx_word' id='word_1_231' title='bbox 1077 3849 1152 3914; x_wconf 69' lang='lat' dir='ltr'><strong>aps·-</strong></span> 
     </span>
     <span class='ocr_line' id='line_1_32' title="bbox 226 3931 1153 3990; baseline -0.008 -1"><span class='ocrx_word' id='word_1_232' title='bbox 226 3935 408 3990; x_wconf 77' lang='lat' dir='ltr'><strong>rs&#39;toolttar</strong></span> <span class='ocrx_word' id='word_1_233' title='bbox 432 3932 564 3980; x_wconf 74' lang='lat' dir='ltr'><strong>aomtmoo</strong></span> <span class='ocrx_word' id='word_1_234' title='bbox 590 3944 699 3981; x_wconf 75' lang='lat' dir='ltr'><strong>caraem</strong></span> <span class='ocrx_word' id='word_1_235' title='bbox 728 3931 865 3981; x_wconf 57' lang='lat' dir='ltr'><strong>cantatu</strong></span> <span class='ocrx_word' id='word_1_236' title='bbox 894 3933 1024 3983; x_wconf 75' lang='lat' dir='ltr'><strong>Wicliffua</strong></span> <span class='ocrx_word' id='word_1_237' title='bbox 1041 3933 1068 3982; x_wconf 90' lang='lat' dir='ltr'><strong>in</strong></span> <span class='ocrx_word' id='word_1_238' title='bbox 1085 3949 1153 3982; x_wconf 85' lang='lat' dir='ltr'><strong>con·</strong></span> 
     </span>
     <span class='ocr_line' id='line_1_33' title="bbox 226 4015 453 4072; baseline -0.04 0"><span class='ocrx_word' id='word_1_239' title='bbox 226 4020 335 4072; x_wconf 74' lang='lat' dir='ltr'><strong>lectione</strong></span> <span class='ocrx_word' id='word_1_240' title='bbox 355 4015 453 4066; x_wconf 73' lang='lat' dir='ltr'><strong>latina.</strong></span> 
     </span>
    </p>
   </div>
   <div class='ocr_carea' id='block_1_7' title="bbox 0 0 1298 4718">
    <p class='ocr_par' dir='ltr' id='par_1_8' title="bbox 0 0 1298 4718">
     <span class='ocr_line' id='line_1_34' title="bbox 0 0 1298 4718; baseline 0 1"><span class='ocrx_word' id='word_1_241' title='bbox 0 0 1298 4718; x_wconf 95' lang='lat' dir='ltr'><strong> </strong></span> 
     </span>
    </p>
   </div>
  </div>
 </body>
</html>
