2586 4718
567 224 772 353 ..m

178 510 181 515 ι
205 455 277 537 sat,
298 415 501 539 bisianense
521 467 590 555 aaa
603 457 708 543 bena,
733 456 884 543 mantua
902 460 954 526 nst
973 455 1069 538 ιιιίιιι
1088 453 1214 541 binis,

124 569 243 638 biensa
267 567 338 648 nia
363 585 415 652 aar
440 570 561 652 osbern
585 571 773 654 iotiolilban
793 571 899 652 stirne
919 575 980 640 att
999 589 1063 658 tuas
1094 577 1234 656 aposita»
1265 636 1269 645 .

124 683 225 764 ilibas
247 683 405 764 Dicunt,
433 684 577 764 uetustis
598 687 654 754 nile
675 685 857 768 asserens,
877 670 1041 772 sanaballat)
1061 687 1218 773 bisieaipe,
1287 718 1291 739 =

46 806 76 867 “,
122 801 209 867 tuen
231 798 270 900 inb
292 797 390 877 liniet
412 796 582 886 balbutiat
597 803 719 913 marten
737 798 788 869 bit
808 804 868 869 aab
888 801 935 868 bis
949 806 1072 871 anticas
1087 804 1216 886 &abano
1262 830 1270 845 ι

128 990 575 1017 w—ss-——u-

101 1194 107 1215 κ
221 1128 323 1201 templo
341 1127 464 1195 Domini,
478 1126 502 1181 si
518 1124 583 1182 Deo
601 1134 676 1197 gram
693 1135 722 1182 st
738 1127 829 1196 vobis,
846 1130 934 1200 pelles
949 1131 1059 1202 pilosre
1074 1148 1215 1205 caprarum
1230 1166 1240 1177 ι

220 1213 356 1280 obtulero,
373 1212 438 1267 satis
454 1227 497 1264 me
514 1208 614 1264 iecisse
630 1210 742 1281 putabo.
784 1211 921 1277 Quoniam
940 1222 967 1268 et
984 1214 1081 1270 mulier
1099 1235 1216 1288 pauper-

133 1312 138 1321 '
221 1300 292 1365 cula,
311 1294 458 1365 intemplo
476 1293 613 1364 praebens
631 1295 668 1350 de
683 1296 787 1350 minuta
802 1313 895 1366 aerea,
912 1299 974 1370 plus
990 1300 1123 1370 Regibus,
1141 1301 1216 1372 ligna

96 1390 98 1397 '
120 1434 124 1447 ,
220 1383 331 1438 seduna
349 1390 377 1437 et
392 1378 500 1450 lapides
517 1378 655 1450 Onycbis,
679 1386 775 1435 aurum
794 1391 823 1437 et
839 1393 996 1455 argentum,
1013 1401 1064 1455 pro
1082 1395 1218 1443 structura

218 1467 311 1538 templi
326 1463 533 1535 praebentibus,
551 1464 705 1519 salvatoris
721 1467 857 1529 sententia
867 1466 952 1521 fertur
965 1469 1122 1525 contulisse.
1155 1469 1218 1525 Nec

217 1554 321 1608 minim.
355 1547 492 1612 Quoniam
508 1565 564 1602 non
578 1565 624 1603 res
641 1548 723 1604 datae
739 1557 786 1604 aut
801 1548 909 1604 oblatae
923 1551 952 1604 ln
969 1551 1077 1620 talibus,
1094 1553 1218 1608 sedani·

219 1653 279 1706 mus
296 1634 426 1689 donantis
442 1634 599 1705 pensandus
617 1642 667 1688 est.
708 1634 859 1689 lituorum
876 1643 927 1702 est,
946 1636 1021 1706 quod
1039 1624 1155 1708 vulgato
1170 1656 1216 1693 ro·
1241 1622 1246 1633 ’

218 1720 333 1774 boratur
347 1719 515 1790 proverbior
539 1717 667 1773 ardorem
683 1718 751 1772 solis
776 1729 804 1773 et
826 1721 996 1775 inimicorum
1016 1722 1145 1790 verbum,
1172 1741 1217 1792 aa,

219 1823 291 1877 quae
307 1803 408 1860 viliora
424 1810 486 1857 sunt
503 1801 656 1873 probibent
697 1802 838 1872 Templum
856 1811 947 1857 autem
963 1804 1077 1861 Domini
1094 1816 1217 1863 sanctum

217 1886 303 1954 volo,
326 1902 458 1959 praesens
484 1893 688 1940 sacrosanctum
711 1888 841 1957 generale
868 1889 1023 1946 concilium.
1053 1890 1124 1946 Nec
1147 1900 1215 1962 puto

218 1971 362 2025 immerito.
398 1970 535 2033 Quoniam
548 1970 700 2040 Apostolus
715 1969 818 2026 Paulus
834 1972 871 2026 ad
886 1974 1077 2043 particularem
1092 1977 1218 2032 scribens

141 2110 143 2115 .
218 2056 370 2112 Ecclesiam
386 2056 441 2110 ait:
468 2054 608 2135 Templum
625 2055 739 2112 Domini
757 2067 879 2115 sanctum
897 2067 952 2126 est,
977 2057 1053 2130 quod
1071 2059 1135 2113 estis
1152 2077 1215 2115 vos.

273 2139 344 2194 'Vos
363 2140 453 2210 igitur,
470 2139 722 2210 praecellentissimi
739 2140 802 2208 viri,
820 2142 956 2213 vobisque
974 2143 1139 2210 consimiles,
1156 2152 1212 2198 tan·

219 2243 299 2297 qnam
322 2225 375 2279 viri
401 2224 575 2292 Salomonis,
607 2233 767 2296 praesentes
788 2227 817 2279 in
840 2225 894 2281 boc
920 2240 999 2279 sucro
1023 2226 1125 2297 templo
1149 2227 1211 2296 Dei,

217 2311 369 2378 Ecclesiae,
383 2309 503 2380 fulgidae
517 2304 668 2379 sapientiae
681 2326 785 2377 aurum,
800 2325 907 2379 vosque
919 2309 1049 2377 minores,
1058 2310 1213 2366 divinornm

118 2405 120 2411 '
197 2397 390 2466 ¹eloquiorum
408 2390 715 2465 argentumceterique
732 2392 892 2458 inferiores,
911 2395 1069 2462 pervarias
1086 2391 1221 2450 virtutiumx
1287 2400 1290 2404 '

179 2528 182 2535 .
219 2479 341 2552 species,
365 2480 457 2534 varias
482 2484 510 2532 et
531 2475 671 2531 distinctas
696 2478 887 2548 operationes,
911 2484 1039 2545 tanquam
1063 2480 1212 2547 coccinum,

219 2571 408 2637 purpuramet
424 2561 534 2633 byssum
554 2567 634 2629 atque
652 2561 840 2631 hyacinthum,
867 2559 903 2612 ad
921 2559 1074 2615 laciendum
1089 2566 1213 2633 speciosa

209 2654 289 2705 'vasa
304 2647 411 2717 templi,
434 2644 470 2698 ad
485 2642 689 2700 reformandum
705 2646 842 2700 militantis
857 2643 1026 2699 hierarchiae
1043 2654 1117 2700 sarta
1133 2656 1215 2723 tecta,

219 2734 267 2790 diu
280 2733 338 2804 jam
356 2737 407 2795 est,
423 2727 504 2798 'quod'
518 2725 620 2784 offertis
635 2740 716 2801 atque
735 2731 877 2803 obtulistis.
978 2791 980 2795 ,
1056 2730 1058 2741 '

286 2817 346 2886 Ego
363 2820 427 2884 post
444 2829 507 2880 vos,
525 2820 582 2881 tot,
599 2825 700 2884 tantos,
718 2816 840 2887 talesque
859 2815 998 2884 gloriosos
1017 2815 1104 2882 viros,
1122 2816 1214 2884 quiin

208 2899 424 2970 *comparatione
439 2896 525 2950 vestri
549 2898 614 2952 nibil
641 2917 715 2966 sirm,
744 2900 817 2953 omni
837 2915 938 2969 genere
963 2900 1093 2953 vitiorum
1110 2899 1214 2954 babens
1287 2910 1290 2927 '

129 3028 133 3033 .
217 2991 302 3059 'caput
317 2980 375 3034 iere
395 2980 538 3048 obrutum,
561 2979 629 3051 ¹quid
652 2979 783 3035 offeram?
824 2981 868 3035 Ne
886 2991 976 3034 tameo
1003 2984 1032 3036 in
1057 2983 1111 3038 boc
1134 3001 1214 3039 sacro

219 3066 322 3138 templo
340 3065 501 3149 constitutus
518 3082 609 3120 coram
623 3064 687 3119 Deo
705 3072 733 3119 et
749 3063 847 3133 vobis,
873 3064 993 3119 totaliter
1010 3049 1114 3121 vacuus
1130 3085 1213 3140 appa·

192 3148 208 3217 f
220 3170 311 3220 ream,
336 3150 431 3229 saltem
449 3150 536 3222 pelles
553 3148 859 3221 bestialiumaciiouum
876 3166 996 3204 mearum
1020 3161 1047 3206 et
1072 3150 1213 3206 foedarum

220 3238 408 3310 operationum
421 3235 542 3306 hispidos
554 3235 637 3306 pilos,
651 3253 711 3291 cum
721 3235 821 3306 pretio,
834 3234 922 3289 libero
936 3252 970 3289 ex
985 3236 1074 3290 animo
1086 3235 1212 3291 offeramr

220 3325 305 3379 multo
322 3337 423 3392 genere
440 3321 565 3390 precario
584 3320 733 3373 obsecrans
751 3336 804 3373 vos
821 3319 941 3388 singulos
959 3327 1041 3389 atquc
1057 3312 1212 3386 universos*

222 3410 301 3464 usin
319 3424 353 3464 eo
372 3407 506 3477 despiciar
519 3405 639 3460 totaliter
652 3411 698 3458 aut
716 3413 882 3470 contemnar,
900 3419 990 3489 neque
1004 3422 1065 3458 cum
1079 3405 1120 3459 bis
1135 3404 1212 3459 oblo-

221 3496 272 3567 giis
289 3508 305 3548 s
322 3492 424 3563 templo
443 3490 572 3558 Domini,
598 3489 685 3559 quod
691 3489 772 3555 estis,
795 3487 917 3559 expellar
932 3478 980 3541 aut'
995 3485 1099 3557 ejiciar
1143 3487 1213 3542 Nam

205 3589 252 3637 ,et
268 3581 320 3635 ista
340 3577 396 3633 suis
413 3575 503 3631 modis
526 3583 555 3630 et
567 3573 626 3627 suis
641 3567 809 3667 temporibus
826 3571 1003 3628 tabernaculo
1020 3570 1135 3628 Domini
1151 3571 1214 3625 snb-

222 3666 352 3741 serviunt.

89 3738 92 3749 ’
200 3778 203 3782 -
287 3748 324 3804 Et
333 3753 363 3800 nt
372 3761 458 3817 pro
435 3751 529 3801 vestra
545 3740 720 3812 comprobem
736 3741 880 3807 sententia,
898 3740 973 3811 quod
988 3748 1015 3794 et
1032 3739 1145 3795 Domini
1161 3740 1212 3794 Za·

135 3894 138 3901 ,
219 3836 288 3892 baot
299 3833 417 3900 vineam,
433 3813 533 3884 nedum
549 3827 630 3894 botri,
648 3842 744 3881 verum
763 3824 881 3893 otialis,
899 3825 1015 3879 reddant
1033 3825 1133 3879 nedum
1151 3840 1213 3895 spa·

119 3982 157 3995 ..
223 3920 337 3986 mosam,
361 3916 411 3972 sed
435 3924 462 3970 et
471 3914 643 3993 speciosam,
670 3918 696 3966 et
720 3919 794 3966 tanta
810 3908 1025 3982 praefatiuncula
1040 3910 1212 3980 praedicens,
1235 3900 1241 3919 ¹

172 4068 175 4073 1
223 4004 300 4075 quasi
315 4021 364 4076 per
381 4000 495 4072 abrupta
512 4008 540 4054 et
556 4008 663 4071 cryptas
678 3998 814 4068 gradiens,
833 4012 973 4051 censuram
985 3994 1213 4066 praedicendam

222 4087 373 4161 posthunc
390 4086 490 4147 dictum
506 4085 653 4151 introitum,
670 4081 791 4154 sequitur
806 4082 861 4136 boc
878 4097 965 4135 meum
983 4079 1132 4147 offertum,
1138 4077 1215 4162 quod

224 4174 380 4269 voluntarie
398 4169 484 4272 offero
504 4187 559 4245 pro
571 4169 677 4226 bonore
694 4167 749 4239 Dei
767 4175 795 4222 et
812 4174 922 4222 sanctae
938 4163 1012 4220 fidei
1018 4169 1040 4211 κ’
