2586 4718
652 271 709 331 172

234 482 289 551 XI.
321 483 506 569 ,Quiaruque
525 483 748 568 pertinaciter
779 478 946 569 defendet,
973 487 1062 572 quod
1083 488 1162 554 dic.

184 613 252 677 tum
270 610 509 671 sacramentum
533 603 577 664 sit
592 601 753 666 'accidens
760 648 771 681 ‚
786 604 953 690 qualitas,
968 611 1162 693 quantitas,

184 733 244 790 aut
270 745 384 789 earum
407 725 630 812 aggregatio,
661 722 780 786 incidit
809 726 846 787 iu
873 723 1037 799 haeresim
1055 751 1164 819 supra

134 861 149 896 <
187 846 322 912 dictam.

231 964 307 1033 ΧΠ.
331 963 439 1047 Parsis
456 965 623 1044 triticeus,
641 966 676 1026 iu
694 986 757 1051 quo
774 965 879 1057 soluat
892 966 971 1031 licet
985 967 1162 1053 conficere,

187 1095 236 1152 est
265 1087 302 1150 iu
329 1089 456 1152 natura
484 1084 646 1172 rufinetum
664 1087 851 1175 perfectior
864 1061 954 1178 pauc
971 1089 1097 1175 jahiuo
1114 1092 1168 1158 aet

186 1208 337 1287 ratouis,
365 1226 502 1294 quonum
528 1213 663 1294 uterque
687 1208 725 1269 iu
751 1211 877 1275 acturo
906 1215 955 1272 est
972 1211 1164 1297 perfectior

186 1326 392 1393 accidente1.

42 1600 52 1612 ·
172 1577 175 1610 ³
231 1567 311 1635 Sunt
338 1562 466 1653 quidem
491 1562 551 1628 hae
572 1527 676 1630 theses
695 1566 918 1636 subobscurus:
940 1565 978 1631 ad
1000 1565 1097 1636 unum
1118 1583 1166 1636 ta-

186 1711 258 1754 men
278 1696 495 1775 argumentum
511 1683 620 1748 referri
637 1699 776 1772 possunt.
807 1685 954 1752 Solebam
970 1699 1074 1754 autem
1090 1689 1168 1757 doe·

149 1801 157 1816 ’
187 1823 268 1877 tores
293 1803 478 1874 Scholastioi
502 1802 628 1883 thema,
648 1802 687 1867 de
708 1826 769 1893 quo
790 1820 877 1872 crant
898 1805 1106 1897 disputaturi,
1120 1811 1173 1886 ¹in,

119 2019 120 2022 Ἴ
162 1945 164 1956 “
186 1933 290 2023 plures
314 1927 466 1993 dissecare
485 1924 672 2014 particulas,
694 1948 774 2014 quae
793 1926 925 1992 subinde
944 1923 1071 2017 paulum
1094 1941 1170 1995 tan-

158 2044 161 2051 ’
185 2057 255 2120 tum'
268 2050 363 2114 'inter
386 2069 424 2112 se
452 2045 636 2111 differebant
650 2054 669 2128 ;'
696 2058 727 2112 et
755 2071 818 2136 quo
846 2049 878 2112 in
899 2048 989 2137 plura
1009 2063 1167 2139 segmenta

184 2171 372 2239 distribuere
408 2167 477 2256 quis
512 2179 635 2256 poterat
665 2165 886 2256 disputationis
912 2170 1097 2252 materiam,
1129 2194 1167 2238 eo

60 2339 65 2356 .
183 2295 357 2361 habebatur
375 2287 527 2356 solertior.
542 2368 546 2374 ,
577 2286 804 2375 Argumentum
824 2289 937 2378 igitur,
953 2289 993 2355 de
1012 2312 1075 2381 quo
1092 2291 1169 2359 Wi-

185 2396 283 2482 uliffus
302 2412 460 2500 disputare
479 2408 538 2474 sibi
556 2409 773 2498 proponebat,
801 2422 868 2474 erat
893 2409 934 2474 de
960 2423 1170 2499 sacramento

185 2534 451 2603 Eucharistiae:
479 2540 510 2592 et
538 2530 731 2617 particulae,
764 2529 798 2596 in
826 2553 903 2619 quas
932 2530 1009 2612 illud
1034 2531 1167 2614 divisit,

116 2738 119 2745 Ι
185 2658 218 2723 in
247 2676 345 2722 unum
374 2648 539 2727 redactae,
569 2647 653 2730 huc,
679 2651 714 2714 ni
742 2650 852 2732 fallor,
878 2650 1168 2726 redeunt:.Pauis

184 2787 216 2845 et
233 2779 344 2842 auum
364 2776 399 2836 iu
418 2770 661 2848 Eucharistiae
684 2782 892 2837 sacramento
914 2796 982 2862 per
1011 2779 1169 2844 sacerdo·

185 2882 232 2964 tis
259 2894 532 2963 consecrationem
559 2913 623 2955 riou
650 2858 821 2957 mutantur
844 2897 879 2957 iu
897 2918 1018 2983 corpus
1038 2905 1070 2961 et
1088 2921 1170 2962 sau-

185 2993 317 3110 puinem
348 3014 496 3092 Christi,
523 3011 585 3077 sed
605 3021 685 3100 post
704 3013 956 3094 herredictiou'em
975 3019 1073 3103 siqua
1092 3028 1171 3083 suut

185 3144 301 3208 horum
331 3136 503 3227 efficacia,
539 3137 590 3199 ita
609 3142 666 3216 ut,
685 3140 766 3225 qui,
781 3136 888 3222 fidem
913 3140 1078 3203 sinceram
1098 3140 1168 3204 ad»
1254 3176 1256 3181 s

185 3265 318 3341 hiberas,
347 3259 427 3324 haec
452 3257 597 3344 muhata
626 3260 748 3339 sumit,
776 3279 841 3322 uma
870 3256 1015 3347 amplius
1045 3263 1169 3348 copitct

183 3405 305 3472 panem
323 3387 354 3445 et
371 3381 482 3443 uiuum
493 3426 504 3459 ,
522 3377 583 3442 sed
586 3378 679 3464 fidei
695 3379 788 3444 oculo
805 3377 975 3466 adspiciat
993 3384 1030 3445 iu
1054 3381 1168 3446 hostici
1200 3469 1203 3473 .

188 3503 381 3570 cmzsecratoi
401 3503 508 3586 ipsum
530 3497 713 3569 Christum.
738 3497 815 3565 Hoc
833 3502 938 3586 iyitur
957 3525 1075 3584 sensu,
1094 3526 1172 3568 cor·

184 3648 251 3714 pus
279 3632 310 3688 et
337 3624 529 3710 sanquinem
553 3618 687 3688 Christi
701 3624 809 3686 inesse
827 3643 903 3686 uere
918 3630 950 3686 et
969 3625 1112 3688 realiter
1131 3627 1171 3688 iu

219 3927 227 3962 ¹
254 3925 303 3976 Has
321 3924 405 3974 theses
424 3919 504 3993 edidit
522 3920 675 3986 Vaughanus
695 3937 724 3970 ex
741 3922 791 3972 MS.
813 3924 839 3972 in
861 3920 927 3976 Bibl.
946 3922 1019 3974 aaut.
1046 3909 1097 3975 vid.
1115 3925 1176 3976 Vni.

254 4008 290 4060 11.
308 4002 382 4074 App
393 4007 438 4056 ru.
456 4004 508 4063 tr..
