2586 4718
623 306 664 367 73

158 525 256 593 tidem
284 519 534 614 opportunitate,
562 531 668 585 contra
691 515 900 585 Mendioantes
921 521 969 586 vei
990 519 1131 614 disputa·

162 658 271 733 verat,
293 646 340 710 vel
359 642 487 733 sparsim
506 638 703 730 scripserat1.

208 764 290 850 Quid
314 764 350 830 iis
375 761 545 852 objecerit,
576 760 600 825 si
624 759 745 849 quaeris
756 807 767 838 ,
787 772 914 850 apparet
933 783 1005 826 eum
1023 761 1131 830 inrec-

162 898 228 952 tnm
257 907 322 952 esso
350 881 616 950 vehementissime
642 880 781 945 ianuile
806 902 869 946 non
887 881 961 947 vitia
980 896 1011 949 et
1032 884 1133 951 studia

161 1006 333 1096 perniciosa
351 1004 462 1069 horum
480 1001 720 1081 monachorum,
738 1022 870 1089 quornm
886 1015 969 1070 tanta
984 1005 1044 1071 fuit
1059 1029 1133 1096 pee-

162 1125 256 1191 'eandi
274 1124 396 1204 iibido,
416 1135 449 1188 nt
469 1122 589 1203 omnia,
610 1142 690 1211 qnae
708 1119 867 1187 Wioliffus
886 1125 917 1188 in
939 1125 1009 1190 istos
1029 1127 1135 1193 inore·

75 1315 84 1322 ,
165 1245 256 1334 prii,
280 1245 394 1309 referre
420 1242 633 1308 erubescamus
649 1249 680 1309 ²:
711 1216 991 1307 damnavitautem
1010 1248 1137 1334 potissi.

167 1389 253 1431 mum
269 1365 439 1446 rationem,
454 1386 515 1453 qua
526 1362 745 1442 observabant,
761 1362 955 1427 Francisoani
966 1364 1136 1455 imprimis,

166 1485 351 1576 palmarium
381 1482 457 1549 iliud
489 1495 583 1572 caput
613 1482 736 1571 regulae
767 1504 839 1547 suae
867 1481 907 1547 de
933 1484 1141 1553 abdicatione

158 1606 388 1696 proprietatis
415 1606 557 1668 omnium
586 1625 697 1668 reatem
723 1606 758 1667 in
784 1605 927 1693 speciali
949 1610 1035 1672 etin
1056 1632 1141 1675 oom-

166 1729 258 1790 murti
268 1775 277 1806 ,
302 1747 394 1815 quom
417 1724 573 1791 Christum
592 1736 624 1789 et
643 1723 822 1812 Apostolos,
843 1724 923 1790 viam
943 1727 1142 1815 perfeetionis

167 1858 326 1934 sequentes
342 1857 373 1910 et
391 1846 458 1911 aliis
474 1844 664 1926 indicantes,
679 1844 775 1910 verbo
790 1843 947 1927 docuisse,
964 1862 993 1914 et
1003 1853 1144 1941 exemplo

165 1967 384 2046 confirmasse,¹
404 1967 450 2032 illi
469 1967 604 2054 ajebant.
631 1965 784 2052 Pauperes
804 1965 899 2050 igitur
918 1966 1046 2053 plurimi
1065 1970 1145 2037 inter

166 2111 218 2155 eos
237 2088 353 2153 fiebant
372 2085 568 2160 voluntarie,
594 2082 789 2183 saeviterqne
809 2085 1004 2169 otiabantur,
1022 2102 1072 2171 nt,
1095 2093 1145 2157 ni·
1172 2102 1175 2107 ’

168 2209 215 2273 hil
235 2203 422 2295 possidentes
436 2205 508 2293 jnre
526 2202 726 2293 proprietatis
746 2216 778 2270 et
796 2203 948 2287 dominii,
966 2209 1066 2276 alienri
1085 2214 1145 2279 mi·

168 2324 333 2394 serioordiia
353 2325 435 2392 laute
456 2325 611 2404 viverent,
628 2324 803 2406 imovero,
825 2320 903 2392 dona
913 2330 1030 2417 popuio
1041 2343 1147 2397 extor-

170 2461 320 2538 quentes,
340 2446 464 2512 divitias
484 2445 543 2511 sibi
564 2444 782 2532 conquirerent
797 2467 933 2535 magnas.
958 2449 996 2515 In
1010 2449 1069 2517 hao
1084 2454 1148 2522 fra·

170 2576 252 2633 trum
272 2564 474 2633 mendicitate
495 2565 660 2653 spontanei
679 2577 709 2629 et
729 2564 909 2662 ambitiosi,
926 2582 1018 2660 atque
1028 2578 1147 2667 turpis.

172 2691 250 2756 simo
281 2688 363 2766 otio,
390 2684 496 2751 radice
517 2685 655 2750 omnium
675 2685 842 2767 vitiorum,
867 2690 927 2754 tela
946 2709 1148 2781 argumento·

171 2811 263 2878 tionis
281 2821 312 2875 et
333 2806 575 2898 exprobrationis
592 2806 727 2872 Wioliffi
746 2810 914 2898 praecipue
928 2810 1145 2888 adhaeserunt.

107 3024 112 3030 Ι
170 2933 264 2998 Ferre
292 2953 353 2995 non
377 2941 522 3020 poterat,
546 2928 618 2993 istos
638 2928 741 3017 speeie
760 2929 912 2995 tenaoiter
930 2933 1147 3026 obtemperare
1233 3014 1238 3031 Ι

168 3051 282 3143 'regulis
311 3050 397 3131 suis,
431 3048 536 3113 divina
564 3069 637 3112 vero
667 3049 829 3136 Euangeiii
855 3040 1019 3145 praecepta
1031 3104 1042 3136 ,
1067 3066 1147 3147 qnae

175 3173 271 3238 vitam
300 3170 470 3259 unicuique
498 3165 753 3235 commendarent
775 3190 836 3236 non
854 3175 1148 3264 contemplativam,
1219 3153 1224 3162 .

173 3293 226 3360 sed
260 3313 421 3383 operosam
450 3302 481 3355 et
509 3275 666 3355 effioroein
678 3338 689 3369 ‚
722 3293 941 3359 contumeliose
968 3296 1147 3387 negligere3

174 3413 306 3504 ideoque
335 3412 420 3478 hune
447 3409 587 3478 ordinem
607 3409 846 3492 monachicum,
870 3414 1017 3503 pietatem
1039 3415 1150 3487 Chris-

197 3557 514 3572 h-—n—-n-u--u—-n-

204 3612 213 3646 1
238 3611 306 3659 Boeo
330 3610 458 3659 sententia
486 3607 630 3657 confirmari
646 3606 709 3656 mibi
729 3607 830 3656 videtur
854 3610 886 3659 iis
902 3612 1004 3674 verbis,
1024 3631 1107 3679 quae,
1130 3619 1157 3666 in

243 3694 328 3744 Tro‘ol.
340 3694 394 3743 Lib.
414 3695 460 3744 lv.
471 3711 496 3746 e.
508 3693 551 3744 30.
568 3691 600 3741 de
617 3692 707 3740 litorio
718 3695 933 3758 fraternitatum
951 3713 1047 3760 agens,
1068 3699 1155 3749 Phro-

237 3780 311 3830 arrsir
329 3781 488 3843 pronuntiate
514 3779 607 3829 Ptooet
628 3777 736 3843 (inquit)
758 3780 790 3827 do
808 3779 867 3828 iltis
882 3781 971 3830 dicere
987 3783 1018 3831 trs
1035 3782 1153 3845 Latino,

239 3863 460 3930 quodquoniam
478 3865 643 3929 expressiin
662 3862 782 3927 Amplior.
1158 3925 1160 3928 p

201 3950 212 3993 t
237 3947 294 3998 vid.
312 3942 463 4006 interulis,
483 3963 529 4007 err,
551 3963 616 4011 quoe
636 3962 666 3996 ex
684 3945 878 4000 Wioliffilibror
899 3952 932 3998 clo
944 3949 1103 4013 Hypooriot,
1116 3954 1154 4002 oi·

238 4030 301 4081 tavit
317 4027 359 4080 Jo.
379 4028 484 4091 baleus,
505 4027 582 4080 Cerri.
601 4030 627 4080 6.
640 4026 672 4095 p.
695 4027 758 4082 47&
