2586 4718
562 267 627 328 250

101 480 186 552 tituli
213 480 311 547 solum
323 525 334 558 ,
358 476 485 543 ducenti
506 477 633 543 circiter
661 489 692 542 et
718 477 969 568 quinquaginta,
995 482 1099 551 inuo-

100 601 280 669 tescebant:
307 621 440 689 quorum
457 611 564 665 tamen
583 599 734 685 majorem
757 612 880 688 partem
901 623 933 667 sc
951 624 1014 670 non
1037 606 1097 672 vi-

99 722 198 805 disse,
215 742 323 788 verum
336 742 373 787 as
389 719 512 810 scriptis
522 717 768 787 adversariorum
778 721 960 811 conlegisse,
970 723 1053 794 dixit
1065 735 1095 798 ¹.

99 841 337 915 Observandum
354 841 464 922 simul,
474 840 589 909 multos
598 838 682 932 apud
691 863 765 908 aum
775 863 939 911 occurrere
955 847 1066 915 titulos
1075 897 1088 931 ,

17 1002 24 1012 ·
100 966 156 1056 qni
182 963 224 1031 ad
248 985 344 1030 unum
365 960 562 1053 eundemque
578 963 696 1028 librum
710 964 880 1054 pertinent.
926 965 1093 1036 Johaunes

98 1088 194 1154 etiam
210 1087 330 1167 Foras,
349 1083 460 1151 eodem
470 1085 591 1151 saeculo
602 1084 731 1166 florens,
746 1087 894 1151 nonnulla
905 1108 939 1152 cx
949 1087 1092 1155 Wicliffi

98 1208 222 1298 scriptis
250 1208 284 1273 in
311 1207 399 1274 Actis
427 1218 460 1272 et
486 1206 720 1289 Monumentis,
749 1229 829 1296 quaa
849 1206 971 1287 edidit,
993 1231 1092 1276 com·

98 1327 292 1398 munioabat.
340 1326 471 1395 Saeculo
496 1326 625 1417 quidem
646 1328 824 1419 insequenti
843 1329 1018 1396 accuratius
1038 1332 1091 1398 in·

99 1451 249 1541 castigare
272 1461 444 1540 coeperunt
464 1447 603 1537 ejusdem
624 1449 760 1540 scripta,
780 1450 935 1541 imprimis
953 1450 1092 1520 Thomas

98 1572 272 1652 Jamesins,
289 1568 662 1637 Proto-bibliothecarius
677 1569 910 1660 Bodlejanensis
920 1579 949 1653 ²,
959 1585 990 1638 et
1000 1572 1092 1639 Han·

99 1696 182 1762 ricus
200 1691 413 1771 Whartonus,
432 1690 474 1761 A.
494 1691 539 1760 Μ.
560 1703 592 1758 et
606 1691 852 1784 Archiepiscopo
869 1689 1091 1761 Cantuariensi

98 1842 117 1884 a
142 1815 236 1884 sacris
259 1812 482 1895 domesticis³,
508 1825 604 1902 atquc
629 1835 727 1879 unum
752 1815 923 1880 alterumve
944 1814 1090 1898 librum,

97 1940 148 2007 rel
175 1938 328 2004 librorum
357 1947 460 2026 partes
488 1946 520 2001 et
547 1947 715 2026 excerpta,
741 1935 777 2001 in
801 1936 905 2003 lucem
925 1957 1037 2002 vocare
1056 1950 1090 2003 et

98 2059 182 2150 typis
214 2057 385 2126 mandares
420 2054 476 2122 sed
509 2056 558 2122 vel
591 2056 635 2124 sic
670 2069 775 2124 tamen
808 2058 929 2124 sacculo
959 2054 1091 2125 domum

99 2181 209 2251 xvttt
231 2181 360 2269 operum
380 2176 539 2260 Wicliffi,
564 2191 596 2246 et
615 2179 719 2270 plures
739 2200 758 2245 e
779 2178 915 2244 tenebris
935 2179 1091 2246 erueban-

99 2317 150 2372 tur
175 2302 301 2394 partes,
332 2312 363 2365 ct
392 2299 550 2392 catalogus
582 2301 655 2368 satis
682 2300 781 2366 bonus
809 2298 983 2390 prodibat,
1015 2303 1093 2368 curri

95 2422 251 2493 «Iohannis
278 2421 427 2503 Leuisii,
456 2421 594 2503 A.'M.‚
613 2420 701 2487 uerbi
722 2420 822 2487 divini
843 2419 979 2488 ministri
998 2421 1089 2488 Mar-

98 2560 189 2636 gatae
201 2550 228 2615 ⁴.
270 2544 339 2610 Hoc
358 2555 464 2628 autem
483 2544 624 2632 catalogo
642 2542 817 2610 accuratior
836 2543 891 2608 illa
908 2554 971 2624 cst,
992 2565 1091 2633 11111111

97 2648 180 2734 anno
201 2668 287 2733 1810
308 2664 396 2732 aedit
414 2664 798 2746 connuncupatus,
820 2662 1107 2733 5111111111ιὲ-1

4 2763 5 2766 ¹
99 2788 205 2854 carius
232 2786 334 2876 Musei
349 2784 541 2852 ‘Britannici
561 2795 590 2857 ⁵.
633 2762 748 2876 Longe
765 2808 839 2853 sero
858 2786 1092 2878 accuratissime

99 2909 160 2976 huc
194 2909 228 2975 in
259 2931 300 2991 re
321 2918 458 2982 uersatus
472 2915 475 2920 '
489 2918 536 2973 est
564 2906 732 2974 novissimo
760 2920 903 2999 tompore
933 2909 1092 2975 Bobcrtus

100 3030 312 3122 Vauqhanus,
333 3027 400 3119 ‘qui
422 3027 586 3119 primarias
602 3031 647 3112 ,in
670 3029 784 3120 anglia
805 3041 837 3096 ct
856 3029 1011 3096 Hibernia
1028 3028 1089 3094 bi-

107 3216 457 3235 Μ

137 3339 146 3374 1
165 3337 241 3387 Gent.
258 3334 285 3383 6.
304 3349 330 3399 p.
349 3332 411 3382 451.
429 3357 465 3372 -
482 3331 493 3368 ²
512 3331 571 3382 Vid.
590 3347 683 3398 supra,
702 3349 730 3398 p.
747 3331 791 3384 72.
811 3336 867 3381 not.
885 3332 909 3382 1.

134 3424 148 3460 ³
163 3418 250 3485 liujus
274 3419 406 3484 catalogus
423 3420 488 3486 opp·
508 3417 588 3468 Wicl.
607 3419 692 3467 exstat
707 3416 734 3466 in
754 3417 865 3468 v01.11.
883 3415 1024 3467 ’1111111111
1037 3415 1097 3468 Ls't.

169 3504 286 3572 Scriptt.
314 3505 387 3557 Eccl.
415 3505 486 3556 Guil.
512 3503 598 3559 Casei.
628 3520 654 3569 p.
675 3501 711 3552 60
728 3518 788 3567 sqq.
808 3503 849 3554 Cf.
869 3503 946 3552 etium
962 3501 1096 3567 eodinus,

169 3590 316 3641 Gommcot.
335 3594 367 3642 da
385 3591 501 3656 Sariptt.
521 3588 595 3640 Eccl.
614 3587 687 3639 Tum.
704 3589 756 3638 111.
774 3604 801 3653 p.
821 3587 886 3637 1041
907 3603 967 3651 sqq.

132 3677 145 3714 ἰ
167 3677 251 3743 liujus
276 3678 377 3743 operis,
404 3690 456 3739 quo
484 3674 595 3724 multum
619 3674 647 3722 in
663 3672 752 3722 nostri
770 3672 957 3724 conscribenda
972 3672 1098 3738 disquisi-

168 3761 240 3811 tione
259 3763 300 3812 usi
317 3776 419 3820 sumus,
438 3775 505 3808 nova
523 3757 619 3824 prodiit
637 3756 717 3807 editio
735 3757 836 3808 Oxonii.
856 3757 946 3819 1836,
964 3773 1017 3810 una
1037 3775 1099 3810 cum

168 3845 284 3911 ejusdem
302 3846 354 3895 vita
369 3843 489 3910 Episcopi
505 3840 640 3906 Reginaldi
659 3840 786 3904 Pecokii,
804 3842 822 3891 2
840 3843 910 3895 volt.
928 3844 971 3894 8⁰.

132 3936 147 3972 ὅ
171 3931 300 3983 Praefixus
327 3935 367 3981 est
391 3930 466 3981 hicce
487 3927 701 3993 catalogusejus
725 3927 838 3979 Editioni
865 3928 990 3980 sardonis
1011 3929 1043 3980 11.
1066 3929 1097 3981 T.

170 4014 286 4068 Wicliffi.
982 4011 984 4017 ’
