2586 4718
649 299 690 361 68

191 510 233 578 de
252 510 412 578 mittendis
432 511 468 576 eo
488 509 573 580 fillis.
618 506 846 578 statuminari
866 506 899 572 in
918 503 1174 576 hancllnirersi·

192 645 289 699 tatem
310 630 494 700 studuerunt
513 628 659 696 monachi
677 627 906 710 Mendicontes,
926 641 978 709 ut,
999 629 1059 694 nisi
1077 629 1173 699 multi

193 753 316 820 fortiter
334 751 372 818 iis
400 745 603 830 restitissent,
625 748 773 830 tandem,
797 748 883 815 omni
901 748 966 814 illic
987 748 1108 815 sublata
1126 749 1173 816 li-

194 871 337 952 bertate,
360 871 534 939 invaluisset
552 892 655 937 merus
672 869 929 946 monachismus.⁴

238 990 325 1057 Inter
344 1014 415 1070 eos,
436 991 490 1080 qui
511 988 1174 1072 Universitatisinstitutadefenderunt,at·

192 1131 253 1199 que
272 1110 446 1177 libertatem
465 1112 530 1200 ejus
548 1109 745 1191 vindicarunt
764 1110 905 1178 adversus
922 1111 1052 1177 istorum
1069 1109 1174 1177 domi-

77 1232 80 1239 '
123 1210 126 1216 ¹
192 1229 287 1295 nandi
317 1228 503 1310 libidinem,
536 1230 684 1297 laudandi
708 1231 863 1321 imprimis
883 1245 954 1298 sunt
972 1230 1173 1314 Richardus,
1228 1305 1232 1311 ,

190 1350 272 1415 filius
291 1350 449 1440 Radnlphi
460 1400 471 1432 ‚
495 1352 584 1441 vulgo
607 1352 786 1442 Fita-ralph
805 1378 830 1422 s.
851 1353 979 1418 Fiaranf
995 1351 1117 1431 dictus,
1137 1363 1175 1418 et

192 1470 351 1537 Johannes
370 1471 530 1539 Wioliffus
543 1481 570 1542 ¹.
591 1473 764 1540 Richardus
785 1476 860 1555 ille,
881 1497 961 1540 anno
985 1477 1071 1539 1333
1084 1471 1173 1540 Can·
1205 1511 1214 1532 ι

101 1619 107 1629 “
191 1592 309 1691 cellarii
342 1614 471 1658 munere
496 1593 644 1683 fungens,
672 1608 794 1661 strenue
813 1617 936 1661 causam
953 1594 1173 1662 Universitatis

189 1711 372 1780 Oroniensis
400 1713 474 1803 egit.
509 1714 636 1799 ¹§Quum
663 1738 744 1781 anno
771 1715 897 1782 demum
933 1719 1019 1781 1347-
1051 1715 1171 1780 Primae

190 1833 347 1900 Ecclesiae
365 1833 536 1903 Hiberniae
563 1849 742 1918 crearetur,
778 1836 862 1903 unde
890 1835 1011 1927 saepius
1035 1834 1174 1903 Richar-

190 1952 247 2021 dus
267 1952 481 2022 Armachanus
500 1957 694 2048 appellatur,
719 1955 888 2023 admodum
911 1955 1074 2048 probabile
1103 1967 1169 2036 est,

188 2097 260 2140 eum
280 2074 448 2140 innotuisse
464 2075 617 2146 Wicliffo.
674 2078 736 2144 llic
764 2078 868 2144 autem
897 2076 973 2166 quin
997 2098 1068 2142 cum
1096 2086 1169 2141 tan·

192 2208 225 2260 to
252 2195 318 2260 viro
346 2196 601 2263 consuetudinem
623 2200 757 2287 jungere
780 2219 976 2289 summopere
995 2194 1171 2276 studuerit,

188 2314 273 2382 haud
306 2314 438 2383 dubium
468 2333 525 2387 est.
582 2319 664 2388 Nam
691 2321 724 2386 in
744 2317 900 2410 theologia
920 2331 952 2384 et
970 2315 1166 2409 philosophia

188 2437 355 2505 excellebat
382 2437 578 2522 Richardus‚
606 2440 687 2530 juris
716 2441 876 2532 utriusque
900 2453 966 2506 erat
983 2438 1113 2516 doctus,
1138 2450 1169 2505 et
1211 2466 1220 2480 ’

188 2557 299 2647 magud
318 2561 501 2650 auctoritate
520 2563 561 2628 ob
579 2558 787 2628 eruditionem
806 2562 1060 2652 probitatemque
1076 2556 1168 2623 llore-

188 2677 243 2744 bat
261 2675 344 2766 apud
364 2701 469 2768 regem
486 2680 667 2748 Eduardum
684 2681 776 2752 1112.
816 2683 941 2770 Legisse
958 2702 1082 2771 quoque
1096 2677 1171 2743 Wi-

188 2798 305 2865 cliffum
327 2799 461 2867 studiose
480 2801 540 2868 riri
559 2803 641 2869 illius
660 2803 793 2894 scripta,
814 2814 941 2870 testatus
959 2813 1004 2865 est
1019 2799 1171 2865 Wharto-

187 2942 257 2989 rrus.
296 2921 463 3011 Postquam
483 2923 582 2990 factus
605 2937 670 2991 erat
701 2920 875 2990 Richardus
908 2917 1170 3007 Archiepiscopus

96 3111 99 3116 ,
186 3024 407 3122 Ardinaclae‚
441 3044 564 3134 scriptis
591 3057 622 3110 et
648 3044 787 3110 oratione
806 3040 926 3129 saepius
946 3060 1101 3127 aggressus
1121 3053 1167 3106 est

199 3228 551 3243 “nm-*-

193 3382 196 3391 ,
216 3343 224 3378 ¹
249 3343 321 3393 Sacc.
342 3332 526 3414 Xllltmedim
545 3346 571 3393 in
590 3340 760 3394 nniveraitate
777 3342 853 3391 eliam
871 3337 1173 3406 Parieindgrovesmota'e

249 3430 323 3476 erant
342 3426 403 3476 lites
420 3443 476 3477 oum
494 3426 626 3477 monachis
643 3424 855 3477 llendicantibus.
893 3424 1002 3476 Consum
1018 3425 1175 3476 Universita·

125 3529 142 3547 κ·
243 3511 282 3560 dio
308 3512 409 3575 egregie
433 3515 495 3560 tunc
515 3509 630 3560 defendit
647 3510 798 3561 Guilielmus
815 3513 847 3562 de
865 3514 958 3563 Sancto
979 3513 1090 3569 Amore,
1110 3507 1174 3559 doc·

187 3588 190 3592 ⁸
251 3597 292 3669 tpr
310 3593 514 3651 Scrbonnends,
536 3594 582 3658 qui
601 3610 667 3644 anno
686 3595 750 3645 1256
771 3603 861 3648 contra
879 3613 922 3647 eoa
941 3596 1044 3660 acripsit
1064 3594 1173 3654 librum,

248 3678 281 3726 dc
299 3674 432 3741 periculis
451 3676 661 3727 novissimorum
682 3685 840 3746 temporum.
877 3678 934 3729 Vid'.
964 3679 1086 3729 Gieseler.
1114 3677 1171 3728 Vol.

253 3761 289 3811 ll.
309 3762 340 3810 Ρ.
358 3759 394 3806 ΙΙ.
413 3772 440 3824 p.
463 3757 524 3809 343.
542 3765 598 3809 not.
615 3780 639 3815 e.

211 3845 223 3880 ²
248 3843 391 3892 Jolrannem
418 3841 633 3911 Baconlhorpium
670 3848 762 3906 habuit
795 3847 935 3898 Richardua
962 3850 1171 3913 praeceptorem,

250 3926 345 4057 inqpp3
355 3921 468 3989 collegio
488 3927 632 3983 Balliolansi
650 3933 783 3983 institutus
802 3937 850 3982 eat.
872 3934 910 3982 cl.
931 3932 1030 3984 Balaua.
1050 3934 1123 3995 (lent.
1145 3931 1171 3981 5.

243 4025 275 4073 p.
346 4041 355 4059 .
375 4023 413 4072 tq.

235 4263 239 4278 l
