2586 4718
559 303 621 365 154

114 537 167 580 res
203 514 316 580 debent
334 513 442 601 fidem
474 536 688 610 cognoscere,
727 519 794 594 sic,
830 520 865 580 in
895 519 1093 610 padumque

110 639 227 728 linguei
249 637 331 727 plus
356 643 435 700 nota
455 637 590 723 fuerit,
616 644 666 700 est
690 635 848 706 docmda.
896 637 1088 726 Similiter,

109 778 180 821 cum
201 758 328 821 ueritas
335 755 427 843 fidei
444 759 491 819 sit
509 758 641 821 clarior
654 764 685 819 et
700 761 822 822 rectior
835 762 869 823 in
883 758 1087 851 Sc'ripturd,

21 879 25 885 ‘
110 898 208 964 quam
237 875 425 941 sacerdotes
450 879 557 941 sciunt
583 880 791 967 caprinum,
824 919 869 931 —
892 904 963 946 cum
992 886 1095 949 multi

111 1001 210 1061 etiam
229 993 390 1063 Praelati
399 1046 408 1075 ,
431 997 478 1082 (si
486 999 551 1086 fas
571 1006 620 1062 est
640 997 776 1088 dicere),
792 1011 867 1066 sunt
889 1000 1092 1094 Scripturae

112 1120 215 1182 nimis
246 1121 384 1207 ignari,
418 1124 449 1181 et
483 1121 553 1183 olii
575 1121 683 1185 celant
710 1130 834 1210 puncta
864 1122 1087 1220 Scriptnrae,

110 1261 193 1328 quae
226 1239 302 1308 scil.
338 1245 458 1302 sonant
491 1240 533 1302 in'
552 1239 771 1322 humilitatem
798 1249 830 1307 et
854 1252 1088 1333 paupertatem

115 1360 226 1440 Cleri,
240 1368 281 1424 'et
298 1361 397 1425 multi
414 1361 499 1424 tales
516 1360 662 1449 desectus
679 1370 755 1426 sunt
772 1365 809 1426 in
828 1364 956 1428 uomlus
974 1386 1090 1429 sacer·

76 1462 79 1471 ²
110 1481 240 1562 dotum,
259 1517 306 1532 —
320 1484 401 1547 utile
419 1481 550 1546 uidetur
572 1482 771 1568 essefideles
790 1505 918 1548 sensum
928 1482 1018 1571 fidei
1035 1492 1089 1550 ta-

113 1604 192 1667 liter
211 1623 375 1670 reserare.
425 1599 597 1667 Similiter
605 1602 712 1689 juata
725 1603 842 1684 fidem,
864 1627 961 1693 quam
979 1604 1090 1669 docuit

113 1722 313 1813 Apostolus,
349 1720 456 1790 Hebr.
484 1722 564 1802 XI,
586 1720 732 1788 Sancti
743 1747 820 1814 per
834 1725 964 1813 sidem
987 1729 1088 1791 uice-

110 1853 203 1908 runt
235 1864 381 1930 repna;
415 1851 446 1907 et
472 1847 617 1909 manime
641 1867 683 1909 ea
709 1847 841 1910 stimulo
849 1846 941 1934 fidei
956 1846 1006 1912 ad
1013 1845 1089 1938 pa'-

109 1968 214 2031 triam
230 1972 474 2054 properarunt.
539 1963 651 2051 Quare
678 1968 788 2056 igitar
811 1988 874 2031 uon
901 1966 991 2031 debet
1004 1969 1089 2055 fares

56 2139 61 2143 .
98 2085 185 2172 fidei
213 2084 386 2170 notificari
405 2087 532 2174 populo
552 2104 620 2175 per
644 2087 771 2167 media,
797 2110 864 2179 per
890 2110 975 2176 quae
996 2088 1091 2154 homo

102 2215 215 2298 potest
243 2209 331 2271 scire
358 2205 518 2271 clarius?
556 2206 622 2292 (lui
648 2210 757 2297 igimr
780 2207 840 2271 lsoc
859 2206 1015 2297 impedit,
1036 2208 1091 2273 uel

105 2339 222 2395 contra
252 2329 344 2394 illud
350 2398 353 2402 ,
368 2336 614 2407 remurmurat,
631 2336 820 2418 procurat,
844 2329 933 2417 quod
940 2331 1088 2419 populns

105 2458 241 2516 maneat
258 2428 459 2515 damnabilis
477 2459 509 2514 et
526 2448 684 2535 infidelis.
725 2448 801 2516 Non
819 2452 931 2540 igitur
948 2446 1088 2539 capien-

107 2571 171 2636 dae
200 2579 295 2651 sunt,
329 2578 365 2636 ut
383 2570 495 2659 fides,
522 2573 610 2657 leqes
622 2619 632 2651 ,
661 2569 770 2660 [quas]
794 2570 954 2636 Praelati
964 2570 1087 2658 fabri-

108 2701 205 2771 cant;
229 2714 287 2756 nec
314 2691 511 2757 credendum
529 2698 577 2754 est
595 2695 665 2754 suis
683 2693 770 2754 uiuis
787 2692 935 2771 uocibus,
959 2683 1032 2754 nisi
1047 2691 1088 2756 de

91 2790 232 2901 'quanto
240 2812 412 2900 fundatae
420 2813 556 2898 suerint
573 2832 615 2873 ex
635 2807 840 2899 Scripturd:
862 2834 952 2891 cum,
970 2833 1088 2876 secun-

109 2933 184 2998 dum
208 2935 356 2999 crelram
375 2931 560 2996 doctrinam
578 2929 780 3022 Augustini,
804 2932 876 3017 Lib.
897 2931 928 3000 II
949 2930 988 2997 de
1008 2929 1089 2997 doc-

108 3023 198 3118 trinis
214 3051 388 3119 Christianis
400 3100 409 3130 ,
436 3051 469 3114 in
496 3050 558 3114 fine
585 3052 731 3140 epistolae
750 3053 783 3118 ll
805 3052 844 3116 ad
865 3052 1066 3119 Volusianum
1078 3101 1089 3133 ‚

114 3173 248 3240 Omisis
270 3175 427 3236 ueritas
451 3180 510 3235 est
533 3170 764 3263 Scriptura.
813 3172 889 3241 IIoc
907 3177 1017 3264 egitur
1035 3174 1090 3238 lo·

111 3319 187 3359 urtm
204 3295 340 3382 faceret
361 3276 432 3359 ista
461 3291 660 3385 Scruoturae
683 3297 865 3361 enucleatio
886 3293 1091 3382 (translatio),

113 3415 202 3505 quod
232 3414 385 3480 redderet
415 3413 602 3482 sacerdotes
629 3426 660 3481 et
685 3417 867 3483 Praelatos
894 3418 931 3479 in
957 3415 1092 3495 uerbis,

113 3558 198 3624 quae
225 3545 392 3612 reserant,
428 3541 644 3628 insuspectos,
690 3538 852 3629 Praelati
865 3535 1091 3616 autemffla-

108 3679 198 3747 pae,
223 3666 253 3722 et
261 3661 420 3747 fratres,
445 3667 476 3723 et
493 3661 562 3724 alii
578 3635 694 3737 medii,
706 3666 849 3746 possunt
868 3662 903 3723 in
920 3662 985 3723 isto
1003 3657 1091 3744 defi-

117 3801 200 3848 cere.
250 3777 415 3845 Similiter
442 3780 598 3848 Christus
624 3787 656 3849 et
682 3781 737 3842 sui
756 3777 914 3869 Apostoli
928 3787 1097 3845 concute-

83 3934 88 3942 ·
115 3910 194 3966 runt
205 3911 334 3993 gentem
343 3902 532 3990 plurimam
540 3921 608 3988 per
617 3897 825 3992 ¹detectionem
837 3898 1037 3992 Scripturae
1055 3903 1095 3966 in

118 4023 257 4110 lingat,
277 4021 445 4110 quaefuit
455 4021 582 4112 populo
599 4024 709 4110 magis
726 4031 816 4090 nota.
853 4021 915 4094 Ad
929 4023 989 4087 loc
1007 4023 1095 4087 enum
1153 4098 1155 4103 Ι
