2586 4718
560 325 619 387 131

107 562 181 629 quar
199 534 285 604 misit
304 534 344 602 ad
362 533 640 624 Archiopisoopum
651 531 969 601 ctadLondinensem
980 535 1078 625 Epis-

73 701 74 704 =
107 681 238 748 copem,
262 657 323 724 ait:
350 655 530 721 »Volumus
545 691 590 705 -
606 665 638 718 et
656 666 771 719 vestrae
788 653 971 722 fraternitati
986 676 1077 735 man·

106 779 233 858 damus,
265 789 413 867 quatenus
440 774 643 843 clarissimum
667 774 701 838 in
722 771 844 841 Christo
867 773 1074 857 udwodum,

103 920 208 990 regem
225 897 355 986 angliae
373 896 545 974 illustrem,
569 907 601 960 et
621 893 748 962 dilectos
767 896 867 976 lilios,
888 897 1007 963 nobiles
1024 899 1078 964 ri⁴

104 1042 153 1086 ros
181 1032 268 1118 natos
296 1016 373 1084 dicti
396 1016 498 1105 regis,
523 1037 559 1081 ac
587 1013 732 1089 dilectam
759 1016 791 1083 in
813 1015 936 1089 Christo
954 1018 1075 1098 liliam,

104 1141 242 1227 nobilem
250 1135 619 1205 mulieremlohannam¹
631 1182 642 1216 ,
660 1134 877 1225 principissam
887 1136 1078 1225 Aquitaniae,
1122 1170 1125 1175 ·
1210 1185 1214 1193 .

105 1271 136 1326 et
161 1259 318 1337 Walliae,
349 1269 380 1322 et
409 1255 482 1325 alico
506 1266 664 1344 magnates
687 1252 727 1324 de'
745 1254 857 1344 anglia
877 1257 1100 1353 ctoonsiliar

34 1393 40 1405 ·
104 1371 262 1468 riosnr'egis
274 1424 286 1459 ,
307 1397 364 1466 per
384 1399 435 1442 ros
454 1389 484 1442 et
501 1375 575 1443 alios
590 1375 751 1463 magistros
764 1387 796 1442 et
812 1376 927 1466 peritos
942 1376 976 1441 in
989 1378 1075 1443 suerri
1158 1375 1160 1380 ’

102 1498 213 1587 pagini
223 1545 235 1579 ,
264 1519 327 1571 non
353 1497 519 1565 maculatos
538 1493 751 1584 hujuscemodi
769 1496 946 1576 erroribus,
969 1495 1079 1563 sedin

102 1616 164 1683 fide
190 1617 324 1683 sinceros
351 1630 382 1683 et
403 1614 537 1683 fervidos
555 1614 700 1683 studeatis
719 1616 844 1696 iacere,
865 1617 1003 1706 plenarie
1022 1616 1077 1682 in-

102 1737 229 1804 formari
241 1785 251 1817 ,
290 1759 326 1803 ao
362 1736 406 1802 eis
432 1735 572 1817 ostendi,
604 1750 720 1826 quanta
749 1737 936 1803 verecundia
964 1735 1076 1804 devoto

101 1879 195 1946 regno
212 1856 348 1946 ‚Angliao
366 1855 482 1928 oriatur
502 1855 632 1936 exinde,
654 1870 685 1923 et
703 1855 866 1945 quodnon
888 1856 985 1922 solnm
1006 1867 1076 1922 sunt

101 1977 186 2067 ipsae
200 1977 410 2043 conclusiones
423 1997 570 2041 erroneae
584 1975 617 2039 in
634 1975 711 2051 lide,
729 1973 800 2051 sed,
818 1975 844 2038 si
863 1975 944 2038 bene
962 1973 1076 2040 adrer-

102 2099 426 2174 tanturss‘nrsuoot
458 2114 596 2158 omnem
625 2093 829 2186 destrucre
845 2096 1073 2184 politiauw'

147 2216 288 2303 Utraque
305 2213 401 2278 altera
419 2211 522 2294 bulla,
544 2212 585 2277 ad
604 2196 881 2303 Archiepiicopum
896 2216 1077 2306 etllpisoo-
1172 2240 1173 2248 ¹

99 2356 175 2422 pum
200 2335 312 2413 missa,
341 2332 478 2423 ejusdem
506 2333 571 2399 fere
599 2347 665 2400 erat
682 2334 878 2421 argumenti,
902 2346 996 2424 etqua
1013 2359 1074 2416 ea,

100 2474 180 2542 quae
213 2453 426 2522 Universitatis
461 2451 654 2519 Cancellario
686 2453 856 2544 perscripta
883 2454 960 2525 fuit,
1010 2457 1081 2526 Illis

100 2587 204 2640 autem
221 2575 306 2663 Papa
324 2586 482 2662 praetcrea
499 2573 620 2662 scripsit
638 2573 733 2642 haec:
760 2572 1025 2644 »committimus
1043 2592 1075 2646 et

16 2758 19 2763 .
99 2691 281 2758 mandamus
293 2742 305 2773 ,
333 2705 368 2758 ut
394 2715 468 2771 ros,
501 2693 550 2757 rel
578 2693 656 2759 alter
678 2707 836 2782 restrum,
861 2694 900 2760 de
918 2695 1077 2764 dictarunt

99 2812 345 2904 propositionum
364 2825 396 2878 et
412 2811 644 2878 conclusionum
664 2815 851 2896 assertione,
868 2839 1000 2905 quarum
1014 2841 1073 2886 oo-

99 2936 185 3024 piam
210 2932 297 2999 robis
320 2932 497 3012 mittimus,
521 2932 579 2998 sub
599 2932 682 2999 bullis
702 2937 808 3001 nosne
828 2935 1000 3019 inclusam,
1022 2963 1077 3006 ros
1130 2921 1131 2924 Ἴ

98 3068 214 3120 secrete
241 3054 462 3132 informantes,
491 3053 517 3117 si
535 3053 713 3119 inveneritis
732 3055 777 3119 ita
795 3077 880 3135 esse,
899 3055 1074 3144 praefatum

96 3174 272 3241 Johannem
292 3173 411 3239 faciatis
432 3169 739 3242 authoritatenostrai
757 3175 829 3262 capi
849 3189 880 3240 ct
898 3177 1074 3245 carceribus

96 3294 290 3386 mancipari,
319 3292 446 3382 ejusque
465 3293 688 3357 confessionem
706 3314 797 3382 snper
816 3293 933 3360 eisdem
952 3319 1073 3388 propo·

81 3400 260 3482 'sitionibus
280 3411 333 3481 se'u
352 3411 601 3481 conclusionibus
620 3410 760 3500 recipere
779 3411 926 3480 studeatis
936 3465 947 3498 ‚
967 3439 1004 3482 ac
1023 3418 1073 3508 ip·

100 3555 163 3598 scm
181 3535 424 3614 confessionem,
447 3545 479 3599 et
499 3553 703 3621 quaecunque
720 3528 822 3599 dictus
839 3532 998 3604 lohannes
1017 3537 1073 3603 di·
1136 3521 1149 3540 '¹

98 3653 177 3720 rerit
202 3675 260 3719 seu
288 3654 442 3744 scripserit
459 3675 551 3743 super
578 3650 746 3720 earundem
773 3631 1072 3746 propositionumet

128 3862 139 3899 ¹
164 3860 246 3911 Vidua
271 3865 327 3911 erat
351 3863 461 3914 Eduardi
487 3864 628 3936 principio,
654 3867 681 3914 el
701 3869 782 3916 maier
800 3845 919 3918 Richardi
938 3870 974 3919 11.
1009 3871 1077 3923 llaec

159 3945 211 3996 lilia
237 3949 264 3995 ct
290 3945 364 3996 heres
385 3949 495 3998 infelicis
511 3950 614 4000 Comitis
631 3948 769 4011 Edmundi,
790 3953 875 4016 patrui
891 3952 999 4003 Eduardi
1016 3954 1073 4016 111,

159 4034 219 4081 ante
234 4031 337 4098 nuptias
355 4031 452 4095 inclyte
471 4035 521 4097 uste
537 4034 614 4084 laude
626 4035 764 4099 formosos
778 4035 887 4108 puellae
904 4037 1005 4087 Caelii.

856 4135 893 4180 9*
