2586 4718
572 346 634 409 145

100 571 190 642 lam,
219 558 343 650 inquit,
366 561 463 648 perit
486 556 603 622 titulus
623 537 813 622 desectionis
825 605 837 641 ,
864 565 897 622 el
917 580 985 649 per
1008 583 1084 630 cort·

99 703 259 771 pepereris,
286 679 415 744 domiai
439 679 660 768 temporales,
686 678 804 745 dantes
827 680 1082 769 eleemosynam,

98 802 287 889 rectificare
316 801 428 865 debeat
456 820 626 877 errorem,
646 798 816 866 auferendo
835 800 917 867 bona
936 825 954 867 a
976 804 1085 894 quovis

98 923 233 1003 clerico,
247 945 249 950 ·
263 921 319 1011 qui
347 920 384 985 iis
412 918 563 988 abutitur.
613 919 681 985 Hac
704 932 809 987 antem
828 921 859 1011 in
879 944 937 1003 re,
956 946 1084 990 excom-

99 1045 282 1109 municatio
308 1063 373 1106 non
397 1039 487 1112 debet
511 1041 641 1107 obstare
655 1040 1085 1135 justitiae'complemersto,

99 1161 133 1229 id
169 1175 236 1244 cst,
271 1160 378 1228 Clesus
407 1161 735 1228 excommunicationis
762 1165 914 1231 sententiis
944 1165 1085 1234 dominos

100 1283 271 1351 saeculares
300 1281 457 1348 deterrere
484 1303 544 1347 uon
565 1280 682 1362 debet,
702 1303 742 1348 ne
759 1281 793 1349 hi
812 1284 926 1352 uiolata
939 1288 1012 1375 jum
1032 1310 1085 1354 cx-

102 1411 309 1496 sequentum.

101 1563 429 1582 m

130 1642 140 1677 ¹
165 1642 263 1705 Operae
277 1637 388 1703 pretium
404 1638 445 1686 est
458 1635 503 1686 hic
519 1634 737 1696 animadvertere,
752 1636 896 1688 Wicliffum
910 1642 1000 1704 postea
1014 1639 1093 1706 longe

162 1725 323 1774 audaciorem
353 1722 449 1771 lactum
475 1735 547 1779 csse,
573 1723 651 1782 atquc
678 1719 832 1771 sententiam
852 1737 924 1771 suam
943 1723 992 1773 hac
1012 1723 1044 1774 sic
1065 1739 1094 1773 ss

165 1809 202 1858 ita
225 1806 394 1872 explicuisse,
420 1808 451 1853 nt
467 1804 551 1870 palam
565 1805 695 1869 principes
714 1807 882 1867 caeterosque
900 1805 1018 1856 dominos
1036 1823 1096 1857 sae·

167 1893 401 1944 calaresevocsrcl
418 1889 451 1939 ad
471 1888 611 1939 auferenda
629 1889 662 1938 ab
687 1888 802 1938 Ecclesii
823 1889 908 1938 omnia
934 1890 1003 1940 bons
1027 1897 1096 1942 tem·

163 1977 277 2042 poralia,
305 1974 399 2039 quibus
425 1972 517 2022 indes
542 1976 658 2037 tempore
678 1970 845 2020 Constantini
869 1973 954 2034 stagni
972 1977 1029 2023 erat
1047 1972 1095 2022 do-

165 2063 236 2108 nata.
270 2058 324 2106 Hac
344 2072 375 2105 ex
389 2058 461 2120 parts
480 2053 620 2102 Ecclesiam
650 2053 789 2103 reformare
813 2054 886 2104 valde
911 2056 1030 2117 studuit,
1057 2059 1098 2108 nti

164 2118 239 2209 ,aar
263 2139 386 2205 imprimi.
411 2153 441 2185 ει
472 2135 559 2184 arsa.
588 2134 643 2184 un.
672 2135 1097 2201 1v,0ap.1s.,qu⁰otnsnui-

167 2233 227 2274 tur:
257 2221 415 2270 Saeculares
430 2226 545 2285 propter
561 2220 728 2270 dotationem
746 2227 813 2271 sant
830 2224 977 2288 puniendi.
998 2241 1013 2272 s
1025 2225 1099 2277 Nar·

169 2313 251 2367 rant,
277 2306 380 2369 inquit,
403 2305 552 2375 Cbronica,
573 2307 645 2370 qaod
661 2307 694 2355 in
712 2306 853 2357 dotatione
871 2308 1025 2371 Ecclesiae,
1046 2325 1098 2359 coa

166 2391 266 2441 cadilo
293 2396 333 2440 ssl
360 2389 393 2439 in
419 2395 481 2440 alre
507 2391 648 2454 ampelica,
676 2397 742 2441 tnnc
761 2395 891 2458 temporis
910 2395 950 2444 sic
960 2396 1097 2454 dicentis:

168 2478 254 2529 bladis
271 2478 387 2544 effusam
405 2482 445 2525 est
464 2491 596 2526 cenenum
615 2477 648 2525 in
666 2475 788 2527 Ecclesia
806 2480 900 2528 sancld
920 2479 984 2531 Dei.
1023 2479 1097 2530 Unde

167 2580 185 2614 a
203 2569 322 2628 tempore
341 2559 530 2620 Constantini,
552 2561 601 2624 pai
618 2561 658 2609 sic
675 2561 780 2610 dotauit
790 2560 958 2623 Ecclesiam,
977 2564 1098 2615 decrerit

168 2649 315 2712 impenitens
342 2645 513 2704 Rsmnnnm,
540 2648 568 2694 st
595 2644 627 2693 in
645 2645 706 2709 ipso
726 2645 876 2695 domininon
894 2647 1043 2699 saeculare.
1062 2674 1096 2686 -

157 2733 233 2782 ¹ideo
258 2733 294 2782 si.
306 2731 392 2795 (seges
407 2734 434 2779 et
451 2729 580 2794 principes
597 2728 745 2792 caeterique
763 2730 906 2780 saeculares
923 2731 1031 2798 domini)
1050 2750 1097 2784 oo-

166 2814 229 2865 isnst
253 2815 348 2864 labere
372 2815 493 2864 dominia
515 2827 566 2861 sssa
583 2813 712 2876 inlepra,
730 2827 784 2862 non
802 2814 935 2878 diabolice
954 2816 1095 2881 lacerato,

162 2913 258 2966 pacem
282 2883 419 2947 Ecclesiae
442 2896 638 2961 reformatam,
659 2903 685 2946 el
700 2902 820 2948 tenentes
834 2899 993 2969 (subjectos)
1014 2920 1096 2968 suos,

166 2983 312 3033 secandum
335 2982 419 3047 lepem
446 2981 576 3041 Domini,
605 2981 728 3040 calidos,
748 2998 805 3031 non
821 2984 949 3047 rebelles,
970 2993 1098 3045 studeant

131 3052 136 3069 ⁰
164 3067 279 3132 proprie
307 3072 332 3115 et
349 3072 471 3124 attente,
494 3067 531 3115 ad
552 3065 755 3114 ordinationem
782 3065 887 3118 Clsrisli
915 3075 1004 3134 paona
1020 3091 1098 3125 raam

166 3150 333 3210 Ecclesiam,
364 3155 497 3214 quantam
524 3147 682 3212 sufficient,
712 3149 885 3216 reformare3
910 3158 977 3218 quia
992 3173 1025 3207 ss
1038 3161 1098 3224 fide

166 3247 320 3302 supponere
335 3234 481 3294 babemus,
501 3232 588 3296 qaod,
606 3231 654 3281 sub
672 3231 723 3280 illd
740 3233 931 3297 ordinatione,
942 3240 1021 3303 foret
1030 3259 1099 3308 pro·

168 3322 300 3386 spsrrinse
321 3318 454 3388 rapslala.
503 3317 579 3366 Tanc
597 3319 671 3366 enim
691 3318 911 3381 earlinpacrstar
929 3325 1048 3378 simonia
1066 3329 1099 3380 in

170 3405 247 3455 Glsro
272 3405 358 3457 circa¹
373 3402 537 3466 temporalia
546 3425 561 3460 ,·
581 3401 736 3466 implicatio
748 3400 787 3450 'el
805 3406 1004 3469 nefandissima
1018 3416 1097 3479 ipsso-

168 3492 280 3550 ranlia,
306 3489 414 3539 desidia
433 3494 465 3538 -el
489 3487 609 3538 lsaeresis
638 3485 711 3536 Cleri
736 3485 851 3540 Obristi.
896 3479 933 3541 m
957 3512 1008 3559 per
1033 3516 1097 3550 con·

160 3586 282 3640 »sequens
312 3574 428 3622 secando
456 3577 592 3621 cessarent
621 3570 704 3631 bella,
735 3577 761 3620 sl
789 3587 934 3638 rcpnorssm
953 3584 1099 3637 translatio

171 3670 221 3720 per
248 3664 408 3722 conpasslas
433 3656 587 3719 (victorias),
616 3660 642 3704 el
669 3657 709 3705 sic
736 3657 813 3722 lonps
828 3661 926 3728 iniqua
946 3671 1099 3720 tenentium

171 3742 487 3808 pauperam'spolialio‚
509 3742 641 3789 asistente
659 3741 766 3806 inlepro
782 3746 920 3796 mundana
936 3750 1057 3802 dominio
1067 3756 1099 3804 in

171 3838 255 3872 manse
276 3824 380 3875 braclii
399 3827 556 3877 saecularis.
577 3825 620 3875 'El
645 3828 717 3891 qaod
732 3831 880 3884 maalmam
895 3841 951 3895 est,
971 3848 1098 3890 currente

170 3908 256 3958 libere
286 3915 312 3958 sl
336 3911 445 3975 spissim
470 3927 592 3962 sermone
615 3911 736 3972 Glsrirti,
751 3914 847 3978 plasea
864 3919 900 3967 ad
914 3922 1037 3983 patriam
1053 3941 1101 3976 aa·

175 3993 302 4044 litarent.
344 3994 420 4045 Tunc
444 3999 516 4046 enim
546 4002 683 4046 cessarent
710 3996 891 4064 blasphemiae
908 4004 938 4052 de
958 4008 1104 4069 spirituali

179 4083 313 4145 potestate
344 4079 501 4146 Paparssm,
529 4087 662 4146 quantun
679 4082 717 4134 ad
732 4083 927 4138 absolutionem
943 4101 961 4137 a
976 4093 1065 4157 poend
1079 4099 1106 4143 et

820 4216 822 4220 ,
880 4192 911 4234 ta
