2586 4718
508 403 511 411 ²
568 317 629 380 roo

143 535 261 604 Habuit
289 534 384 622 igitur,
408 529 567 597 Wicliffus
585 531 682 595 socios
701 541 732 596 et
752 529 867 595 amicos
887 531 918 594 in
939 530 1076 597 Unirer·
1114 567 1119 577 ·

99 662 188 724 sitate
213 655 378 725 Orouiensi
402 655 482 719 bene
510 651 716 751 multos,¹qui
728 701 738 732 ,
759 651 849 716 simul
869 661 962 741 atque
982 673 1076 718 nore·
1097 624 1105 633 „

99 793 187 860 rant,
207 776 284 867 quid
303 776 349 841 ab'
363 773 606 864 Archiepisoopo
624 761 806 838 mandatum
823 785 901 838 esset
916 772 1075 853 Stolresio,
1122 843 1129 859 Ι

98 898 186 964 ualde
214 896 457 986 indignabantur
486 917 601 964 omnes.
650 891 857 960 cancellarius
876 893 1077 960 vehementer

59 1000 284 1109 ¹'corripiebat
314 1009 398 1084 lione
427 1015 635 1096 monachum,
664 1037 758 1106 quem
780 1015 953 1082 affirmabat
972 1016 1079 1081 elabo-

96 1161 196 1218 rasse,
224 1154 263 1207 ut
290 1139 452 1229 privilegia
479 1150 509 1205 et
536 1138 664 1204 libertas
684 1137 901 1204 Universitatis
923 1137 1077 1226 infringe-

97 1243 224 1341 rentur·;
267 1260 358 1349 eique
398 1258 624 1341 denuntiabat,
659 1273 836 1350 postquam.
860 1259 1078 1327 Procuratores

100 1391 132 1445 et
156 1379 293 1469 magistri
315 1383 505 1462 saeculares,
526 1397 593 1448 tum
613 1366 776 1472 regentes,
795 1394 861 1447 tum
882 1404 943 1447 non
966 1404 1081 1469 regen·

99 1513 163 1581 tes,
198 1499 237 1565 ad
273 1498 508 1573 deliberandum
543 1515 768 1581 convenerant,
803 1502 927 1568 fortiter
956 1524 987 1568 se
1015 1524 1080 1569 esse

97 1621 299 1699 restiturum,
328 1595 405 1711 quin
431 1622 526 1688 etiam
545 1635 734 1689 armatorum
753 1644 880 1705 manum
901 1623 934 1686 in
952 1641 1079 1713 promtu

96 1738 292 1822 habiturum,
301 1758 395 1833 atque
405 1745 558 1811 Praetoris
569 1743 656 1810 urbis
666 1745 906 1834 imploraturum
918 1745 1081 1824 auxilium,

98 1861 124 1926 si
153 1860 320 1930 Courtnaei
348 1864 487 1932 edictum
514 1868 711 1955 promulgare
735 1863 875 1933 auderet.
923 1856 1083 1931 Stolresins

100 2004 172 2049 roro
191 1984 373 2051 mandatum
394 1984 599 2050 nihilominus
619 1983 744 2071 exsequi
765 1984 824 2049 sibi
844 1984 1028 2072 proposuit,
1053 1996 1085 2050 et
1153 2044 1156 2050 .

100 2104 229 2192 quidem
258 2107 294 2169 eal
322 2091 578 2192 opportunitate,
609 2103 657 2171 nti
685 2102 830 2182 ridetur,
856 2105 916 2193 qni
942 2104 1085 2195 Reping·

102 2222 198 2287 donus
228 2221 260 2287 in
286 2222 424 2289 Ecclesia
444 2241 565 2290 sanetae
585 2222 804 2314 Erideswydae
824 2225 997 2290 orationem
1019 2238 1085 2292 erat
1200 2287 1202 2290 .

101 2341 276 2413 habiturus.
317 2343 396 2410 Jam
416 2367 488 2411 sero
505 2344 603 2416 hocce
622 2346 691 2426 die,
712 2346 768 2435 qui
786 2346 881 2411 festus
898 2357 982 2426 erat,
1001 2345 1086 2413 Gan·

100 2463 264 2545 cellarius,
293 2465 513 2532 Procuratores
542 2479 573 2531 et
599 2465 689 2547 ⁴urbis
714 2465 843 2530 Praetor
870 2465 983 2555 magno
1011 2488 1083 2532 cnm

101 2583 361 2650 Academicorum
389 2607 521 2652 numero
544 2585 689 2652 concioni
708 2585 890 2668 intererant.
918 2586 1085 2677 ,Reping-

102 2702 220 2784 donus,
236 2703 275 2770 de
290 2719 481 2773 sacramento
496 2705 710 2791 Eucharistiae
726 2707 819 2773 rerba
829 2707 964 2789 faciens,
977 2709 1088 2776 Eccle-

100 2828 184 2907 siae,
215 2839 368 2917 quautum
397 2829 521 2918 potuit,
551 2823 688 2896 conflare
718 2830 867 2896 invidiam
888 2830 972 2922 apud
991 2832 1088 2898 audi-

100 2959 181 3014 tores
217 2948 381 3019 studebat:
418 2949 595 3015 Wicliffunr
628 2973 702 3018 sero
730 2951 1083 3026 defendebatstrenne.

102 3063 318 3135 Contendebat
346 3091 471 3159 quoqne
500 3056 560 3134 hac
588 3072 770 3152 occasione,
797 3094 906 3161 preces
924 3071 963 3137 ad
982 3075 1086 3142 Deum

99 3188 198 3278 prins
212 3211 277 3257 esse
304 3188 478 3255 fundendas
505 3210 562 3280 pro
582 3187 718 3256 dominis
737 3193 968 3274 saecularibus,
991 3218 1086 3284 quam

101 3330 158 3397 pro
174 3309 350 3427 Episcopo,
370 3310 449 3376 rel
437 3331 507 3401 rpso
526 3308 604 3375 adeo
624 3310 777 3403 Pontifice
795 3312 974 3384 Romau01.
1023 3316 1086 3383 lti-

103 3426 201 3493 missa
221 3430 393 3513 concione,
423 3431 482 3497 viri
510 3426 674 3513 nonnulli,
694 3456 780 3499 arma
800 3411 858 3501 sdb
878 3436 1014 3504 restibus
1031 3461 1085 3528 ge-

104 3558 219 3628 rentes,
235 3550 476 3640 Repiugdonnm
492 3555 772 3642 praestolabantur.
798 3557 957 3626 Stolesins
967 3573 1084 3643 autem,

104 3667 262 3771 trepidans
289 3671 424 3763 'risuque¹
437 3688 581 3765 exceptus
607 3677 646 3742 ab
666 3679 773 3761 amicis
792 3678 947 3761 Wicliffi,
968 3705 986 3747 a
1008 3705 1086 3773 pro⁴

105 3790 206 3880 posito
235 3789 372 3862 destitit:
394 3795 495 3863 -misit
518 3810 621 3864 tamen
645 3800 748 3868 literas
767 3801 1033 3893 drchiepiscopo,
1054 3816 1088 3869 ut

104 3963 450 3982 mm&

137 4058 146 4094 ¹
169 4056 227 4109 vid.
247 4019 339 4109 Porus.
358 4072 401 4124 op.
419 4060 486 4113 laud.
506 4080 533 4130 p.
554 4065 596 4116 ld.
705 4023 712 4047 a
