2586 4718
491 346 493 350 ’
574 340 638 404 263

104 557 220 624 (lodice
253 579 340 622 sacro
369 554 515 620 adhibito
544 565 650 633 textu,
680 553 783 618 statim
812 551 1013 642 declarabat,
1045 555 1089 622 do

102 675 237 769 quonam
257 674 447 768 argumento
458 673 550 741 rerba
568 686 647 741 esset
667 674 828 741 facturus¹
843 722 854 752 ,
872 675 921 740 sel
937 675 1089 765 qmmodi

104 820 281 880 sermones,
305 796 359 888 qui
378 797 420 862 ab
439 797 567 865 incunte
585 795 706 863 saeculo
727 793 829 876 Xlll,
849 815 948 885 quum
968 789 1088 864 Archi·-

103 920 265 1011 episcopus
295 916 542 1003 Gnntuariensis,
563 915 738 1008 Stephanus
756 916 952 1005 Langtonus,
973 920 1088 1010 scripta

102 1064 186 1107 sacra
213 1063 269 1130 per
297 1039 401 1129 capita
429 1051 459 1105 et
487 1049 642 1131 commata
669 1033 841 1115 divisisset,
871 1036 1024 1128 imprimis
1052 1040 1086 1104 in

101 1161 211 1251 Anglii
238 1161 455 1239 invaluerunt,
481 1172 512 1225 ct
531 1158 680 1248 originem
700 1181 718 1223 a
739 1157 919 1225 doctoribus
935 1159 1084 1235 Scholas-

102 1281 169 1347 ticis
199 1293 379 1362 traxerunt,
408 1301 541 1371 quorum
574 1265 728 1345 subtilitas
756 1279 805 1345 vel
834 1278 968 1344 manime
993 1253 1036 1344 iu
1050 1280 1088 1346 iis

102 1402 300 1473 cernebatur.
356 1402 394 1469 lo
420 1399 508 1473 hisco
536 1400 581 1467 ita
611 1399 835 1479 versabantur,
863 1411 899 1465 ut
925 1422 944 1465 e
972 1397 1089 1468 Codice

104 1543 190 1590 sacro
210 1536 329 1590 testum
347 1522 505 1613 quendam
526 1521 745 1602 desumerent,
767 1520 822 1609 qui
842 1516 948 1585 thema
967 1542 1089 1588 sermo-

100 1644 148 1710 nis
176 1657 274 1724 esset',
302 1655 334 1709 et
351 1619 429 1709 'tum
441 1678 444 1688 ·
458 1642 623 1710 materiam
649 1638 849 1731 disponerent
870 1641 966 1730 inque
985 1663 1103 1733 porres.

100 1776 131 1831 et
147 1764 315 1855 particulas
333 1763 471 1829 infinitas
486 1762 727 1844 distribuerent,
744 1762 859 1850 quibus
877 1760 983 1829 thema
1000 1764 1086 1831 illus·

100 1895 234 1951 traretur
252 1897 284 1950 et
304 1885 490 1974 probaretur
508 1892 539 1954 ².
598 1880 860 1970 Quandoquidem
884 1893 990 1949 autem
1009 1883 1088 1951 haeo

99 2003 263 2071 methodus
288 2006 386 2093 magis
411 2015 482 2092 apta
506 2012 573 2068 erat
592 2000 632 2065 ad
652 1999 868 2067 ostentandam
889 2003 1020 2070 oratoris
1037 2004 1087 2070 ia-

101 2126 227 2214 genium
258 2125 355 2212 inque
379 2119 512 2187 dicendo
533 2121 660 2212 copiam
672 2168 690 2202 ,.
705 2138 799 2212 quum
820 2120 862 2187 ad
882 2121 1038 2193 docendos
1055 2141 1088 2195 et

100 2242 272 2310 monendos
298 2242 474 2325 auditores,
503 2255 599 2333 atque
622 2243 675 2312 illa
696 2243 901 2323 &clarentii
916 2247 999 2314 ratio
1020 2247 1086 2314 (lo-

99 2362 178 2430 dicis
207 2363 286 2430 sacri
315 2365 603 2454 interpretationem
630 2365 767 2455 turpiter
795 2346 861 2431 lere
885 2368 1104 2458 negligebat,

99 2486 258 2554 Wicliffus
277 2485 449 2575 simplicius
467 2483 669 2553 homiliarum
688 2506 785 2576 genus
802 2487 932 2577 elegisse
944 2486 1083 2563 ridetur.

97 2608 139 2675 lta
165 2607 226 2672 hac
245 2607 287 2672 *in
313 2624 348 2673 re
375 2607 569 2697 agnoscimus
593 2607 699 2674 denuo
728 2608 788 2674 riri
817 2609 1007 2679 desiderium
1029 2636 1084 2681 re-

89 2728 216 2796 deundi
240 2729 281 2794 ad
300 2727 454 2795 rationem
474 2730 796 2821 illorum'temporum
809 2753 828 2810 ,¹
841 2733 954 2821 quibus
974 2735 1083 2824 religio

97 2850 275 2919 Christiana
293 2851 382 2916 laete·
398 2850 509 2942 riguit.
531 2891 536 2902 ·

138 3090 220 3162 Illud
240 3080 376 3162 Wicllffi
391 3089 528 3157 studium
544 3060 807 3158 omneshomines
822 3092 962 3160 doctrici
974 3093 1081 3163 Chris·
1134 3058 1136 3061 -

93 3218 184 3284 tiani'
206 3211 392 3292 imbuendi,
421 3213 522 3279 elucet
537 3211 643 3300 etiam
666 3233 702 3277 ex
722 3212 760 3278 iis
778 3213 924 3303 scriptis,
947 3217 1081 3305 quaein

98 3384 452 3404 Μ

124 3484 134 3519 ¹
158 3484 291 3535 Exordium
318 3484 445 3550 ejusmodi
470 3484 593 3533 sermonis
617 3479 652 3532 its
672 3482 750 3532 inisse
775 3482 1082 3538 austremonium·
1117 3522 1118 3525 ,

157 3568 233 3617 nius:
254 3585 269 3616 s
281 3568 396 3620 [utendo
414 3571 446 3620 iu
465 3583 588 3618 sermons
607 3583 665 3618 mcc
686 3571 810 3634 sequenti
824 3584 876 3635 par
894 3567 948 3621 Dei
963 3576 1082 3641 qratiam

159 3656 279 3701 tractore
305 3654 338 3702 de
365 3656 448 3705 certis
474 3655 600 3703 meteriis
625 3644 672 3702 sau
700 3654 836 3719 capitibus
856 3653 984 3716 utilibus,
1006 3665 1031 3708 ct
1051 3662 1084 3711 iu

159 3738 259 3787 eisdem
274 3741 398 3790 materiis
412 3741 525 3791 intendo
537 3753 640 3805 postero
656 3745 743 3790 certus
758 3744 784 3789 ct
799 3753 876 3790 ceros
889 3742 1084 3796 conclusiones.

157 3822 518 3888 Iutsudocuimjomlocum
538 3827 574 3875 do
594 3827 714 3874 timo-rs
734 3824 885 3875 iubendo
902 3826 947 3876 ad
964 3826 1081 3882 Deum.

159 3907 195 3957 Iu
206 3908 302 3972 *prima
319 3909 435 3958 materiai
452 3912 484 3960 de
506 3911 618 3970 timore,
636 3923 709 3975 porto
725 3908 794 3961 titos
805 3911 1009 3977 conclusiones,
1028 3920 1082 3966 etc.

160 3995 186 4042 in
201 3995 266 4046 Lau.
287 3994 377 4044 Tlreol.
397 3992 426 4044 P.
443 3995 483 4045 11.·
497 4012 526 4063 p.
545 3993 607 4046 445.
628 3994 678 4045 Bb.

128 4081 139 4117 2
163 4081 202 4129 cr.
220 4081 316 4134 wsoa.
337 4079 392 4130 nro.
412 4078 434 4132 r.
453 4096 480 4145 p.
496 4080 532 4131 ss
548 4095 588 4144 sq.
643 4062 656 4100 ⁷¹
684 4084 696 4091 ’·
749 4080 755 4107 t
