2586 4718
612 338 676 401 23⁸

163 558 299 648 injicitur
329 553 368 619 de
396 551 591 643 expeditione
619 547 752 640 quidam
777 547 925 638 Episcopi
946 546 1141 615 Norriceusis

164 680 196 742 in
224 673 423 754 Flandriam,
450 692 530 762 quae
559 669 688 761 quidem
705 693 753 736 res
772 690 916 758 magnam
936 668 1000 733 rim
1019 668 1052 733 in
1068 668 1144 735 Wi-

164 798 240 863 cliffi
258 796 317 863 hac
332 796 415 863 ritae
430 807 530 861 aetate
546 792 585 858 de
601 792 739 859 Ecclesial
754 788 908 858 sentiendi
923 787 1145 879 cogitandique

166 918 319 985 rationem
352 915 496 983 habuisse
530 913 666 985 ridetur.
724 913 938 1003 Quapropter,
972 911 1146 1002 cujusmodi
1208 967 1212 985 ,

168 1040 261 1106 luerit
290 1038 368 1105 haec
386 1035 566 1128 expeditio,
585 1058 666 1125 quae
686 1055 767 1102 auno
789 1034 876 1100 1383
896 1032 999 1100 locum
1017 1031 1144 1116 habuit,

162 1165 229 1249 jam
250 1160 453 1251 exploremus,

101 1476 105 1485 f
215 1403 318 1489 Quum
347 1403 432 1493 Papa
451 1401 683 1475 ¹Arenionensis
707 1411 738 1466 et
760 1401 918 1468 Romanus
936 1397 997 1465 sibi
1017 1397 1151 1464 invicem

55 1579 58 1585 .
169 1523 391 1592 infensissimus
420 1535 517 1605 esset,
550 1539 683 1611 uterquc
713 1521 758 1586 nil
787 1542 848 1587 non
878 1519 1087 1601 moliebatur,
1116 1532 1153 1585 ut
1232 1583 1234 1587 ,

167 1644 243 1712 alter
271 1645 403 1713 alterum
432 1643 471 1711 de
490 1641 564 1710 sede
583 1641 745 1732 dejiceret.
794 1640 874 1707 Belli
897 1640 1016 1708 idcirco
1046 1640 1152 1709 duris-

168 1768 238 1832 simi
250 1815 261 1849 ,
295 1766 380 1857 quod
413 1765 529 1856 Anglos
563 1766 644 1831 inter
671 1777 703 1831 et
731 1763 835 1830 Gallos
861 1764 1029 1852 gerebatur
1057 1773 1153 1851 atque
1191 1812 1199 1829 .

166 1888 392 1978 protegebatur
421 1888 593 1977 utrinque,
623 1886 672 1952 usi
692 1897 763 1951 sunt
783 1885 1014 1974 opportunitate
1033 1883 1073 1948 ad
1091 1884 1153 1950 sibi

165 2020 275 2074 mutuo
308 2005 499 2075 nocendum.
556 2004 664 2069 Prouti
696 2002 892 2092 potissimum
925 2025 978 2069 rex
1012 2004 1150 2085 Galliae,

169 2125 298 2193 Catulus
325 2126 391 2205 vt,
421 2124 476 2214 qui
505 2135 581 2191 tunc
605 2122 639 2188 iu
661 2123 771 2190 tuteld*
787 2135 854 2188 erat
872 2122 1033 2215 Philippi,
1055 2126 1151 2193 Ducis

165 2242 386 2332 Burgundios,
417 2256 447 2310 et
473 2241 644 2324 Johaunis,
667 2242 764 2310 Ducis
781 2242 978 2335 Biturigum,
1005 2247 1150 2314 tuebatur

169 2361 364 2430 Clementem
386 2363 469 2445 Vll,
496 2362 542 2430 sic
570 2378 625 2430 rex
649 2363 782 2453 Angliae
807 2363 844 2429 iis
865 2364 1008 2454 praeibat
1026 2367 1151 2457 regibus

160 2498 196 2552 ct
224 2462 422 2576 principibus
450 2485 482 2548 in
511 2484 636 2574 Europd
648 2533 658 2565 ,
680 2484 735 2574 qui
755 2482 885 2552 Urbano
905 2485 949 2553 vl
968 2489 1150 2579 patrocina-

167 2607 296 2674 bantur.
329 2596 416 2671 'Jam
437 2603 584 2671 Urbanus
596 2655 606 2686 ,
628 2604 757 2671 Genuae
777 2627 994 2691 commorans,
1018 2622 1162 2700 patronov

167 2724 338 2793 Clementis
357 2723 590 2792 incommodare
610 2724 643 2791 iu
661 2725 801 2791 animum
819 2726 953 2799 induxit.
987 2730 1150 2799 Excitabat

29 2943 35 2953 θ
78 2920 81 2931 ,
164 2848 259 2940 igitur
291 2847 406 2936 Anglos
439 2845 479 2912 ad
512 2845 741 2936 suscipiendam
777 2848 1007 2941 expeditionem
1042 2865 1149 2919 contra
1175 2850 1177 2855 ’

166 2968 376 3037 clementinos
384 3018 394 3050 ,
413 2968 469 3059 qui
480 2966 684 3049 dicebantur,
701 2981 733 3036 et
748 2971 894 3038 mittebat
909 2970 1040 3059 dugliae
1055 2972 1148 3063 Epis-

155 3083 248 3182 'copis
286 3088 458 3178 diplomata
493 3086 757 3184 indulgentiarum
794 3089 875 3154 bene
906 3092 1026 3173 multa,
1068 3114 1147 3182 quae

164 3210 308 3277 omnibus
320 3258 330 3289 ,
361 3219 515 3298 quotquot
541 3207 627 3273 illam
656 3207 868 3298 susciperent,
892 3211 1017 3299 plenam
1038 3209 1147 3279 darent

163 3343 361 3420 pcccatorum
389 3327 615 3396 remissionem.
663 3326 732 3393 Hoc
759 3316 863 3395 autem
890 3331 1049 3421 negotium
1078 3334 1145 3404 Ur·

163 3450 262 3517 banus
289 3451 464 3529 adversario
491 3473 545 3517 suo
575 3449 745 3517 facessebat
767 3452 840 3540 jure
869 3452 991 3521 talionis
1011 3464 1039 3528 ¹.
1096 3457 1145 3525 Ne

228 3671 284 3705 cem
296 3646 400 3705 'demum
416 3658 494 3707 fuisse
511 3659 571 3722 post
585 3672 610 3707 u.
632 3655 708 3708 1382.
735 3656 788 3708 uid.
805 3657 863 3707 Vol.
885 3659 909 3708 1.
927 3675 953 3726 p.
971 3661 1032 3714 381.
1048 3665 1104 3711 not.
1122 3664 1149 3716 9.

226 3740 271 3789 Est
296 3741 383 3790 erstem
401 3741 466 3791 baec
485 3743 613 3792 correctio
629 3742 719 3806 'magui
737 3743 876 3804 momenti,
897 3745 1102 3810 quondoquidem
1118 3763 1148 3797 cx

228 3824 349 3889 seriptis,
379 3840 444 3887 quoe
470 3826 613 3876 Wicliffum
640 3827 753 3878 extremi
778 3828 845 3878 vitoe
871 3833 955 3880 aetate
979 3832 1151 3897 composuisse

227 3907 305 3957 hodie
332 3911 455 3969 constet,
482 3919 606 3977 apparet,
633 3910 762 3975 quomodo
787 3927 934 3978 progressus
962 3916 996 3964 sit
1016 3915 1041 3964 in
1060 3915 1150 3968 divul-

224 3992 314 4057 guudis
332 3991 435 4058 placitis
452 3993 484 4045 de
501 3996 625 4060 religione
644 3995 795 4054 sanioribus.

193 4083 201 4115 ¹
230 4078 286 4130 vid.
306 4079 449 4142 troisset,
468 4095 509 4147 op.
529 4081 596 4131 laud.
616 4081 654 4133 ll.
673 4095 698 4146 p.
718 4079 779 4132 216.
