2586 4718
647 267 710 328 180

189 486 280 554 modo
309 482 415 550 audiat
446 482 493 547 tel
523 481 694 546 auscultet'’
710 490 735 551 ¹.
783 479 851 544 lloc
876 476 1056 559 decretum,
1083 480 1178 568 qnod

187 609 328 676 tonores
354 607 422 686 illi,
449 604 503 693 qui
527 627 545 668 a
572 600 762 668 cancellario
779 613 866 667 erant
882 602 1065 681 convocati,
1087 603 1173 668 sub-

189 733 402 820 signarerant,
421 724 675 815 promulgabatur
694 721 816 791 Oxonii.
856 723 959 808 Quum
978 735 1083 789 autem
1102 725 1178 790 nti-

188 851 284 915 nistcr
313 845 441 936 quidam
469 844 501 909 id
525 844 689 909 recitatum
709 843 853 912 veniebat
875 842 908 909 in
937 842 1073 909 scholam
1094 866 1174 912 mo·

81 1036 85 1041 ,
190 966 359 1034 nachornm
386 964 678 1054 Augustinensium,
707 963 862 1029 Wicliffns
881 963 947 1044 ibi,
969 963 1002 1028 iu
1020 962 1178 1032 cathedris
1207 995 1211 1002 ·

189 1090 317 1164 sedens,
350 1085 389 1152 de
408 1085 469 1152 hoc
488 1087 556 1175 ipso
580 1084 723 1174 dogmate
742 1084 925 1154 disserebat.
971 1084 1092 1151 Audito
1115 1085 1177 1152 de-

191 1222 294 1290 creto,
312 1208 411 1274 fertur
432 1207 536 1272 animo
552 1206 694 1273 confusus
709 1207 865 1297 paulisper
880 1205 1078 1274 conticuisse:
1100 1228 1179 1272 mox

189 1352 261 1395 vcro
279 1327 376 1393 animi
393 1326 540 1392 firmitate
559 1328 715 1408 recreati,
734 1326 923 1394 exclamabat
938 1327 1048 1394 iratus:
1071 1327 1179 1394 »Nee

195 1451 445 1529 Caracallarius,
479 1470 581 1538 aeque
614 1450 741 1539 aliquis
777 1469 819 1511 ex
854 1447 925 1534 ejas
953 1449 1175 1539 gregalibus,

184 1578 296 1661 potest
323 1591 428 1633 meam
455 1568 642 1658 infiingere
669 1571 885 1632 sententiani'
899 1575 926 1637 ².
973 1566 1177 1636 Prohibitum

191 1692 292 1757 tamen
322 1689 366 1755 sic
395 1687 454 1753 fuit
467 1735 478 1768 ,
507 1687 672 1776 quominus
696 1687 854 1753 Wicliffus
872 1688 1055 1778 publicam,
1075 1713 1176 1778 quam
1203 1717 1206 1720 ·

190 1808 446 1886 annuntiaverat,
477 1806 718 1898 disputationem
745 1806 884 1873 haberet.
933 1808 1056 1894 Quievit
1073 1808 1176 1902 *igitur

191 1934 223 1997 in
243 1929 511 2021 praesentiarum,
540 1942 572 1995 et
602 1927 679 1995 dixit
699 1941 843 2010 tantum,
868 1928 907 1995 ad
928 1931 1008 2020 regis
1028 1917 1176 2020 patroci-

188 2051 275 2116 nium
295 2050 459 2140 perfugere
478 2048 538 2115 sibi
557 2070 622 2115 esse
638 2050 844 2140 propositum.
883 2051 965 2136 Quot
984 2064 1088 2117 autem
1102 2053 1175 2141 jam

189 2185 264 2237 tuno
283 2170 391 2260 plausu
410 2168 585 2258 exceperint
609 2170 674 2258 ejus
692 2168 731 2234 de
747 2170 963 2237 Eucharistiae
977 2186 1173 2240 sacramento

82 2336 85 2341 -
189 2291 382 2372 doctrinam,
401 2290 545 2381 colligere
570 2289 645 2356 licet
673 2312 710 2356 ex
728 2292 830 2356 verbis
853 2291 990 2358 Thomae
1010 2293 1174 2385 Walsing-

109 2481 123 2491 ⁸
188 2412 294 2493 hami,
322 2410 492 2478 dummodo
512 2424 657 2502 reputes,
686 2411 803 2477 bonum
832 2412 955 2495 tirum,
986 2412 1050 2479 bile
1077 2436 1176 2480 eom-

186 2535 271 2624 motit
282 2581 292 2611 ,
319 2522 404 2597 baec'
420 2532 586 2621 scripsisse.
634 2532 783 2600 Referens
802 2556 861 2614 ea,
880 2557 959 2623 quae
978 2556 1058 2601 auno
1079 2537 1169 2602 1381

151 2632 166 2725 Ἀ
190 2654 222 2717 in
254 2652 365 2743 nuptia
393 2650 598 2735 acciderunt,
626 2652 754 2721 scribit:
797 2678 818 2718 a>
831 2655 871 2720 V
868 2664 939 2720 etas
972 2656 1174 2746 hypocrita,

190 2772 339 2863 Aregelns
369 2770 563 2852 Sullanae,
592 2771 802 2839 Aratiolrristi
821 2777 1080 2866 praeambulas,
1106 2801 1176 2844 non

191 2893 412 2959 nominandus
441 2891 588 2959 Joaanes
618 2892 674 2960 W
671 2895 788 2984 yoklis
791 2945 801 2977 ,
829 2899 882 2962 vel
895 2901 1012 2987 polius
1031 2893 1175 2965 Wiekess

188 3018 342 3093 belena&
377 3013 585 3096 haereticas,
614 3039 676 3082 saa
703 3017 926 3084 deliramenta
956 3023 1150 3086 eorriinuarrs
1162 3067 1174 3101 ,

90 3195 95 3204 .
190 3139 283 3201 nisus
303 3142 352 3199 est
369 3135 541 3207 absorbere
558 3136 761 3218 Jerusalem,
782 3148 814 3204 et
833 3161 940 3204 omnes
959 3139 1176 3208 Christianos

191 3278 343 3346 mergere
367 3257 404 3319 iri
421 3250 600 3344 'abyssum
619 3281 827 3324 reassumam
846 3261 977 3349 quidem
995 3260 1177 3328 damnatas
1227 3336 1231 3349 Ι
1258 3243 1261 3248 ’

165 3349 167 3352 ⁴
192 3378 361 3465 opiniones
382 3378 604 3469 Berengarii:
620 3417 666 3430 -
684 3382 772 3472 ¹talia
790 3378 967 3447 delirando
984 3382 1104 3447 multos
1124 3404 1178 3448 se-

192 3495 287 3560 duxit
306 3498 342 3559 in
361 3497 493 3563 mandem
513 3506 684 3566 errorem”
696 3506 721 3567 ⁴.

144 3630 174 3681 ’ἵ
222 3666 312 3716 11Γιι1.
328 3622 600 3730 Ψίῐ1ἰῐ1ζΰοησίῑὶα
615 3684 706 3736 moyn.
724 3672 798 3724 Brit.
814 3669 841 3723 ot
854 3674 913 3724 tlte.
930 3676 988 3729 Vol.
1005 3676 1055 3726 111.
1069 3692 1095 3742 p.
1118 3675 1178 3728 170.
1248 3716 1252 3727 .

219 3754 230 3787 ²
255 3754 354 3812 Wood,
373 3754 427 3805 tib.
445 3755 467 3804 1.
484 3770 510 3819 p.
529 3757 587 3806 189.
607 3781 639 3793 —
658 3757 832 3820 ²Significatu
847 3761 948 3811 videtur
960 3763 1180 3812 hocnomennli-

254 3853 347 3902 quern,
365 3840 414 3902 qui
429 3839 499 3887 mole
513 3841 614 3898 credit,
631 3841 734 3891 wichad
746 3841 859 3894 believe.-
875 3847 967 3895 allusio
982 3846 1043 3897 satis
1056 3845 1176 3899 ridicula.

220 3923 232 3958 t
256 3921 325 3974 Hirr.
346 3921 424 3986 Anql.
442 3938 468 3987 p.
489 3920 550 3972 tto.
587 3925 702 3974 Narravit
717 3925 753 3975 ibi
765 3943 868 3993 quoque
883 3932 972 3995 magni
986 3948 1044 3982 cum
1058 3932 1179 3994 indigna·

257 4007 345 4067 tione,
365 4006 499 4069 Equitem,
520 4008 682 4086 Laurentium
703 4009 735 4060 de
754 4011 847 4062 Sancto
865 4015 973 4065 llertino
988 4015 1103 4076 dictum,
1123 4013 1184 4066 wt-

99 4210 173 4392 ,
320 4213 332 4257 ,,
