2586 4718
557 340 616 398 171

145 551 190 622 ll.
214 550 336 618 Nullus
362 556 473 613 mator
501 548 641 637 sufficit,
675 548 767 612 oculo
795 548 989 637 corporali,
1019 548 1080 614 secl

92 673 191 761 fide,
217 671 385 754 Christum
403 669 518 734 uidere
537 671 572 732 in
591 668 700 732 hostici
717 673 923 741 consecrati.

147 792 211 862 111.
240 790 329 857 Olim
334 793 410 878 fuit
413 788 506 887 fides
520 788 694 854 Ecclesiae
711 788 881 855 Romanae
896 793 933 852 in
941 790 1080 878 preses·

102 918 191 979 sione
209 913 435 1002 Berengarii,
454 910 543 999 quod
554 912 660 1000 panis
679 918 710 974 et
722 913 852 989 einum,
870 932 955 999 quae
972 932 1082 975 rema·

102 1043 179 1101 ruent
188 1042 270 1124 pest
288 1031 556 1111 benedictionem,
577 1040 653 1095 sum
670 1031 782 1095 hostia
802 1041 1007 1099 consecrata.

150 1154 208 1221 lv.
233 1153 458 1219 Eucharistia
486 1153 599 1232 habet,
629 1155 752 1216 uirtute
771 1151 941 1222 verborum
959 1173 1083 1216 sacra·

104 1276 318 1353 mentalium,
346 1282 415 1338 tam
433 1296 573 1363 cerpus,
595 1295 694 1362 quarn
712 1276 908 1363 sanguinem
932 1271 1063 1343 Christi
1071 1322 1083 1355 ,

21 1426 23 1431 v
102 1415 178 1458 uere
195 1404 226 1458 et
242 1394 385 1458 realiter
402 1396 452 1460 ael
467 1395 639 1483 quemlibet
658 1393 729 1482 ejus
740 1402 912 1484 punctum.

150 1515 191 1583 V.
216 1513 542 1580 Trausubstantiateb
552 1564 563 1596 ,
584 1515 837 1606 idemptuflcatio
848 1563 858 1596 ,
880 1523 911 1578 et
931 1518 1085 1605 impana-

41 1701 47 1713 ,
103 1640 172 1716 tic,
205 1637 319 1725 quibus
347 1645 484 1700 utuntur
512 1638 679 1727 baptistae
698 1633 894 1725 (Papistee),
915 1639 1086 1726 signorm

101 1760 138 1820 in
162 1759 307 1820 materiei
334 1754 375 1820 dc
397 1745 642 1838 nutarunt,
664 1773 729 1820 non
748 1765 825 1820 sunt
833 1755 1031 1844 fimclabiles
1048 1760 1086 1820 in

102 1873 300 1965 Scripturci.

148 1996 206 2066 vl.
240 1996 421 2085 Repugnat
455 1992 654 2059 Sanctorum
677 1995 881 2093 sententies,
910 2015 1086 2076 asserere,

104 2117 194 2206 qrrcd
209 2119 254 2180 sit
273 2114 426 2178 accidens
446 2115 517 2174 sine
536 2110 677 2197 subjecto
696 2112 733 2173 in
750 2109 863 2176 hostib
882 2116 1050 2182 ueritatis.

148 2235 224 2300 v11.
250 2231 502 2303 Sacramentum
518 2229 764 2298 Eucharistiae
774 2240 824 2296 est
837 2236 1006 2302 inmatura*
1019 2236 1084 2300 sub
1189 2312 1191 2317 ¹

94 2357 201 2446 panis
226 2362 286 2420 aut
311 2356 443 2434 uiuum,
468 2354 611 2435 habens,
629 2354 752 2418 uirtute
768 2355 939 2418 uerborum
967 2378 1086 2421 sacra-

102 2477 314 2555 mentalium,
339 2496 451 2538 uerum
473 2496 594 2562 cerpus
619 2482 651 2538 et
669 2477 863 2565 sangninem
887 2474 1022 2542 Christi
1037 2477 1089 2544 ad

103 2598 276 2686 quamlibet
293 2593 364 2681 ejus
376 2602 548 2682 punctum.

148 2715 238 2783 till.
268 2713 522 2783 Sacramentum
553 2713 797 2779 Eucharistiae
823 2725 872 2780 est
901 2718 938 2779 in
956 2716 1084 2807 figuret

100 2858 219 2926 corpus
252 2835 383 2903 Christi
401 2843 432 2898 ct
452 2837 616 2924 sanguis,
636 2837 672 2898 iu
691 2857 777 2924 quem
795 2837 1105 2905 transubstantea-'

99 2965 158 3022 tur
179 2959 281 3046 panis
309 2964 368 3019 aut
385 2958 494 3019 ninum
506 3004 515 3034 ,
536 2956 629 3043 cujus
649 2964 796 3022 remanet
805 2966 889 3048 post
905 2946 1083 3026 consecra-¹

97 3080 218 3142 tionem
236 3080 419 3165 aliquitas,
438 3077 536 3154 licet,
556 3076 668 3165 quoad
686 3078 1082 3166 caesiderationemfide-

100 3199 203 3279 lium,
223 3201 271 3262 sit
290 3200 413 3286 sopita.
768 3288 769 3292 Ἰ

143 3317 204 3386 lx.
234 3315 332 3403 Quod
347 3315 503 3382 accidens
522 3318 568 3380 sit
586 3336 655 3401 senc
673 3316 831 3404 subjecta,
857 3338 920 3382 nen
938 3321 1082 3408 estficn-

100 3436 212 3502 debile
221 3461 234 3517 ;
253 3439 316 3504 secl
323 3487 334 3520 ,
353 3443 390 3504 si
402 3442 468 3519 sic,
487 3437 577 3504 Deus
596 3436 828 3518 adnihilatur,
848 3447 880 3506 et
890 3444 989 3531 perit
1006 3447 1083 3534 qni·

101 3557 181 3620 libet
205 3561 370 3625 artimlus
377 3559 469 3647 fidei
490 3557 717 3629 Christianae.

146 3675 189 3743 X.
219 3674 434 3768 Quaecunque
443 3702 614 3772 persona,
631 3681 689 3745 vel
697 3689 809 3761 secta,
828 3685 986 3748 estm'mis
996 3685 1080 3751 hae·

99 3800 206 3862 retica
218 3845 228 3876 ,
257 3820 341 3886 quae
361 3805 585 3889 pertinaciter
611 3801 821 3891 defenderit,
851 3803 941 3892 quael
955 3826 1078 3869 sacra·

44 3988 48 3994 ,
97 3926 238 3983 mentum
264 3919 392 3983 altaris
413 3933 463 3987 est
474 3927 582 4016 panis
592 3944 660 4014 per
680 3945 714 3987 sc
734 3926 878 3990 existens
897 3927 931 3987 iu
950 3927 1076 3991 natura

95 4039 257 4126 infinitum
275 4039 436 4127 abjectior
454 4052 485 4107 ct
502 4046 727 4134 imperfectior
737 4067 829 4134 pane
846 4047 973 4132 macne.
1002 4097 1005 4104 .
