<?xml version="1.0" encoding="UTF-8"?>
<!DOCTYPE html PUBLIC "-//W3C//DTD XHTML 1.0 Transitional//EN"
    "http://www.w3.org/TR/xhtml1/DTD/xhtml1-transitional.dtd">
<html xmlns="http://www.w3.org/1999/xhtml" xml:lang="en" lang="en">
 <head>
  <title>
</title>
<meta http-equiv="Content-Type" content="text/html;charset=utf-8" />
  <meta name='ocr-system' content='tesseract 3.04.00' />
  <meta name='ocr-capabilities' content='ocr_page ocr_carea ocr_par ocr_line ocrx_word'/>
</head>
<body>
  <div class='ocr_page' id='page_1' title='image "./diatribeinjohan00unkngoog_0065.png"; bbox 0 0 2586 4718; ppageno 0'>
   <div class='ocr_carea' id='block_1_1' title="bbox 570 309 611 371">
    <p class='ocr_par' dir='ltr' id='par_1_1' title="bbox 570 309 611 371">
     <span class='ocr_line' id='line_1_1' title="bbox 570 309 611 371; baseline 0 0"><span class='ocrx_word' id='word_1_1' title='bbox 570 309 611 371; x_wconf 73' lang='lat' dir='ltr'>tt</span> 
     </span>
    </p>
   </div>
   <div class='ocr_carea' id='block_1_2' title="bbox 19 519 1220 2545">
    <p class='ocr_par' dir='ltr' id='par_1_2' title="bbox 86 519 1220 1820">
     <span class='ocr_line' id='line_1_2' title="bbox 94 519 1081 642; baseline 0.004 -50"><span class='ocrx_word' id='word_1_2' title='bbox 94 539 167 642; x_wconf 58' lang='lat' dir='ltr'>ret,</span> <span class='ocrx_word' id='word_1_3' title='bbox 193 544 299 592; x_wconf 87' lang='lat' dir='ltr'>ornnes</span> <span class='ocrx_word' id='word_1_4' title='bbox 308 569 319 603; x_wconf 92' lang='lat'>,</span> <span class='ocrx_word' id='word_1_5' title='bbox 348 533 503 611; x_wconf 80' lang='lat' dir='ltr'><strong>quotquot</strong></span> <span class='ocrx_word' id='word_1_6' title='bbox 517 519 684 610; x_wconf 78' lang='lat' dir='ltr'>dignitates</span> <span class='ocrx_word' id='word_1_7' title='bbox 703 532 734 587; x_wconf 91' lang='lat' dir='ltr'>et</span> <span class='ocrx_word' id='word_1_8' title='bbox 749 542 879 590; x_wconf 87' lang='lat' dir='ltr'>monera</span> <span class='ocrx_word' id='word_1_9' title='bbox 894 525 928 591; x_wconf 91' lang='lat' dir='ltr'>in</span> <span class='ocrx_word' id='word_1_10' title='bbox 944 525 1081 596; x_wconf 73' lang='lat' dir='ltr'>Ecclesii</span> 
     </span>
     <span class='ocr_line' id='line_1_3' title="bbox 99 639 1220 723; baseline 0.002 -11"><span class='ocrx_word' id='word_1_11' title='bbox 99 644 297 723; x_wconf 78' lang='lat' dir='ltr'><strong>ambiebant,</strong></span> <span class='ocrx_word' id='word_1_12' title='bbox 314 663 467 708; x_wconf 86' lang='lat' dir='ltr'>canonum</span> <span class='ocrx_word' id='word_1_13' title='bbox 488 662 549 706; x_wconf 87' lang='lat' dir='ltr'>non</span> <span class='ocrx_word' id='word_1_14' title='bbox 570 652 690 707; x_wconf 86' lang='lat' dir='ltr'>tantum</span> <span class='ocrx_word' id='word_1_15' title='bbox 710 654 741 709; x_wconf 90' lang='lat' dir='ltr'>et</span> <span class='ocrx_word' id='word_1_16' title='bbox 757 641 954 712; x_wconf 87' lang='lat' dir='ltr'>decretorum</span> <span class='ocrx_word' id='word_1_17' title='bbox 974 649 1081 715; x_wconf 77' lang='lat' dir='ltr'>scion·</span> <span class='ocrx_word' id='word_1_18' title='bbox 1126 639 1129 647; x_wconf 82' lang='grc'><strong>’</strong></span> <span class='ocrx_word' id='word_1_19' title='bbox 1215 669 1220 676; x_wconf 61' lang='lat'><strong><em>⁴</em></strong></span> 
     </span>
     <span class='ocr_line' id='line_1_4' title="bbox 97 738 1145 853; baseline 0.001 -18"><span class='ocrx_word' id='word_1_20' title='bbox 97 767 228 835; x_wconf 87' lang='lat' dir='ltr'>tissimos</span> <span class='ocrx_word' id='word_1_21' title='bbox 239 815 249 848; x_wconf 95' lang='lat'>,</span> <span class='ocrx_word' id='word_1_22' title='bbox 269 776 363 852; x_wconf 86' lang='lat' dir='ltr'>utque</span> <span class='ocrx_word' id='word_1_23' title='bbox 383 785 453 828; x_wconf 89' lang='lat' dir='ltr'>usus</span> <span class='ocrx_word' id='word_1_24' title='bbox 472 761 1077 853; x_wconf 77' lang='lat' dir='ltr'>Ecclesiastioitorensiscallentissimos,</span> <span class='ocrx_word' id='word_1_25' title='bbox 1143 738 1145 742; x_wconf 17' lang='grc' dir='ltr'><strong><em>ι</em></strong></span> 
     </span>
     <span class='ocr_line' id='line_1_5' title="bbox 96 881 1077 981; baseline 0.004 -28"><span class='ocrx_word' id='word_1_26' title='bbox 96 908 205 954; x_wconf 75' lang='lat' dir='ltr'>serum</span> <span class='ocrx_word' id='word_1_27' title='bbox 223 883 316 951; x_wconf 89' lang='lat' dir='ltr'>etiam</span> <span class='ocrx_word' id='word_1_28' title='bbox 331 881 412 972; x_wconf 87' lang='lat' dir='ltr'>juris</span> <span class='ocrx_word' id='word_1_29' title='bbox 426 881 559 948; x_wconf 86' lang='lat' dir='ltr'>Romeni</span> <span class='ocrx_word' id='word_1_30' title='bbox 576 881 971 981; x_wconf 80' lang='lat' dir='ltr'>petitoresse,opprtebut.</span> <span class='ocrx_word' id='word_1_31' title='bbox 997 887 1077 957; x_wconf 76' lang='lat' dir='ltr'>(lum</span> 
     </span>
     <span class='ocr_line' id='line_1_6' title="bbox 96 1000 1078 1097; baseline 0.004 -24"><span class='ocrx_word' id='word_1_32' title='bbox 96 1006 188 1097; x_wconf 84' lang='lat' dir='ltr'>hujus</span> <span class='ocrx_word' id='word_1_33' title='bbox 214 1004 295 1095; x_wconf 88' lang='lat' dir='ltr'>juris</span> <span class='ocrx_word' id='word_1_34' title='bbox 317 1000 419 1070; x_wconf 89' lang='lat' dir='ltr'>studio</span> <span class='ocrx_word' id='word_1_35' title='bbox 444 1001 538 1069; x_wconf 89' lang='lat' dir='ltr'>ctiam</span> <span class='ocrx_word' id='word_1_36' title='bbox 561 1004 718 1092; x_wconf 85' lang='lat' dir='ltr'>conjunxit</span> <span class='ocrx_word' id='word_1_37' title='bbox 739 1005 899 1073; x_wconf 87' lang='lat' dir='ltr'>Wicliffas</span> <span class='ocrx_word' id='word_1_38' title='bbox 918 1008 1078 1077; x_wconf 90' lang='lat' dir='ltr'>scientiam</span> 
     </span>
     <span class='ocr_line' id='line_1_7' title="bbox 96 1113 1077 1218; baseline 0.002 -23"><span class='ocrx_word' id='word_1_39' title='bbox 96 1113 199 1218; x_wconf 85' lang='lat' dir='ltr'>legum</span> <span class='ocrx_word' id='word_1_40' title='bbox 235 1124 355 1216; x_wconf 79' lang='lat' dir='ltr'>patriae</span> <span class='ocrx_word' id='word_1_41' title='bbox 382 1144 454 1190; x_wconf 86' lang='lat' dir='ltr'>snae</span> <span class='ocrx_word' id='word_1_42' title='bbox 478 1133 515 1206; x_wconf 85' lang='lat'>¹3</span> <span class='ocrx_word' id='word_1_43' title='bbox 549 1145 680 1214; x_wconf 87' lang='lat' dir='ltr'>quarum</span> <span class='ocrx_word' id='word_1_44' title='bbox 710 1125 767 1191; x_wconf 91' lang='lat' dir='ltr'>etsi</span> <span class='ocrx_word' id='word_1_45' title='bbox 804 1127 835 1192; x_wconf 91' lang='lat' dir='ltr'>in</span> <span class='ocrx_word' id='word_1_46' title='bbox 869 1127 1077 1198; x_wconf 77' lang='lat' dir='ltr'>Universitate</span> 
     </span>
     <span class='ocr_line' id='line_1_8' title="bbox 95 1244 1076 1336; baseline 0.003 -21"><span class='ocrx_word' id='word_1_47' title='bbox 95 1246 261 1317; x_wconf 81' lang='lat' dir='ltr'>oxoniensi</span> <span class='ocrx_word' id='word_1_48' title='bbox 293 1266 392 1336; x_wconf 86' lang='lat' dir='ltr'>paene</span> <span class='ocrx_word' id='word_1_49' title='bbox 422 1245 631 1336; x_wconf 77' lang='lat' dir='ltr'>negligeretur</span> <span class='ocrx_word' id='word_1_50' title='bbox 660 1244 798 1312; x_wconf 85' lang='lat' dir='ltr'>studium</span> <span class='ocrx_word' id='word_1_51' title='bbox 819 1255 858 1328; x_wconf 84' lang='lat'>²,</span> <span class='ocrx_word' id='word_1_52' title='bbox 882 1271 946 1315; x_wconf 91' lang='lat' dir='ltr'>non</span> <span class='ocrx_word' id='word_1_53' title='bbox 973 1262 1076 1318; x_wconf 87' lang='lat' dir='ltr'>temen</span> 
     </span>
     <span class='ocr_line' id='line_1_9' title="bbox 86 1365 1077 1460; baseline 0 -23"><span class='ocrx_word' id='word_1_54' title='bbox 86 1380 242 1460; x_wconf 71' lang='lat' dir='ltr'>‘oportere</span> <span class='ocrx_word' id='word_1_55' title='bbox 259 1379 295 1434; x_wconf 92' lang='lat' dir='ltr'>nt</span> <span class='ocrx_word' id='word_1_56' title='bbox 313 1365 389 1432; x_wconf 82' lang='lat' dir='ltr'>ciris</span> <span class='ocrx_word' id='word_1_57' title='bbox 410 1366 543 1456; x_wconf 79' lang='lat' dir='ltr'>Anglus,</span> <span class='ocrx_word' id='word_1_58' title='bbox 568 1365 623 1457; x_wconf 90' lang='lat' dir='ltr'>qni</span> <span class='ocrx_word' id='word_1_59' title='bbox 639 1377 703 1432; x_wconf 90' lang='lat' dir='ltr'>tam</span> <span class='ocrx_word' id='word_1_60' title='bbox 722 1366 896 1449; x_wconf 79' lang='lat' dir='ltr'>Ecclesiae,</span> <span class='ocrx_word' id='word_1_61' title='bbox 908 1372 1077 1460; x_wconf 85' lang='lat' dir='ltr'>qnemrei·</span> 
     </span>
     <span class='ocr_line' id='line_1_10' title="bbox 87 1484 1079 1582; baseline 0.001 -27"><span class='ocrx_word' id='word_1_62' title='bbox 87 1488 258 1582; x_wconf 87' lang='lat' dir='ltr'>publicae,</span> <span class='ocrx_word' id='word_1_63' title='bbox 276 1484 420 1578; x_wconf 84' lang='lat' dir='ltr'>prodesse</span> <span class='ocrx_word' id='word_1_64' title='bbox 440 1499 585 1577; x_wconf 88' lang='lat' dir='ltr'>cuperet,</span> <span class='ocrx_word' id='word_1_65' title='bbox 605 1487 684 1575; x_wconf 89' lang='lat' dir='ltr'>juris</span> <span class='ocrx_word' id='word_1_66' title='bbox 703 1485 795 1577; x_wconf 85' lang='lat' dir='ltr'>hujus</span> <span class='ocrx_word' id='word_1_67' title='bbox 814 1491 1079 1558; x_wconf 80' lang='lat' dir='ltr'>consuetudinarii</span> 
     </span>
     <span class='ocr_line' id='line_1_11' title="bbox 96 1607 1075 1702; baseline -0.002 -24"><span class='ocrx_word' id='word_1_68' title='bbox 96 1624 174 1680; x_wconf 88' lang='lat' dir='ltr'>esset</span> <span class='ocrx_word' id='word_1_69' title='bbox 191 1612 335 1701; x_wconf 88' lang='lat' dir='ltr'>ignarus,</span> <span class='ocrx_word' id='word_1_70' title='bbox 351 1607 463 1674; x_wconf 92' lang='lat' dir='ltr'>merito</span> <span class='ocrx_word' id='word_1_71' title='bbox 483 1607 679 1674; x_wconf 84' lang='lat' dir='ltr'>existimabat</span> <span class='ocrx_word' id='word_1_72' title='bbox 697 1608 768 1678; x_wconf 90' lang='lat' dir='ltr'>ille:</span> <span class='ocrx_word' id='word_1_73' title='bbox 789 1608 944 1677; x_wconf 88' lang='lat' dir='ltr'>addidicit</span> <span class='ocrx_word' id='word_1_74' title='bbox 963 1610 1075 1702; x_wconf 90' lang='lat' dir='ltr'>igitur,</span> 
     </span>
     <span class='ocr_line' id='line_1_12' title="bbox 95 1724 1076 1820; baseline 0.001 -19"><span class='ocrx_word' id='word_1_75' title='bbox 95 1756 152 1815; x_wconf 93' lang='lat' dir='ltr'>ne,</span> <span class='ocrx_word' id='word_1_76' title='bbox 170 1731 240 1798; x_wconf 83' lang='lat' dir='ltr'>daut</span> <span class='ocrx_word' id='word_1_77' title='bbox 257 1728 508 1820; x_wconf 86' lang='lat' dir='ltr'>opportunitate,</span> <span class='ocrx_word' id='word_1_78' title='bbox 525 1727 694 1796; x_wconf 88' lang='lat' dir='ltr'>haesitaret</span> <span class='ocrx_word' id='word_1_79' title='bbox 705 1729 736 1793; x_wconf 94' lang='lat' dir='ltr'>in</span> <span class='ocrx_word' id='word_1_80' title='bbox 748 1724 902 1818; x_wconf 82' lang='lat' dir='ltr'>majorum</span> <span class='ocrx_word' id='word_1_81' title='bbox 912 1733 1076 1802; x_wconf 85' lang='lat' dir='ltr'>institutis.</span> 
     </span>
    </p>

    <p class='ocr_par' dir='ltr' id='par_1_3' title="bbox 95 1849 1153 2426">
     <span class='ocr_line' id='line_1_13' title="bbox 141 1849 1078 1943; baseline -0.002 -22"><span class='ocrx_word' id='word_1_82' title='bbox 141 1852 191 1921; x_wconf 78' lang='lat' dir='ltr'>ld</span> <span class='ocrx_word' id='word_1_83' title='bbox 213 1849 402 1940; x_wconf 79' lang='lat' dir='ltr'>theologiam</span> <span class='ocrx_word' id='word_1_84' title='bbox 422 1861 526 1916; x_wconf 87' lang='lat' dir='ltr'>autem</span> <span class='ocrx_word' id='word_1_85' title='bbox 544 1849 703 1916; x_wconf 84' lang='lat' dir='ltr'>Wicliffua</span> <span class='ocrx_word' id='word_1_86' title='bbox 731 1849 889 1940; x_wconf 85' lang='lat' dir='ltr'>imprimis</span> <span class='ocrx_word' id='word_1_87' title='bbox 917 1873 950 1918; x_wconf 86' lang='lat' dir='ltr'>se</span> <span class='ocrx_word' id='word_1_88' title='bbox 977 1852 1078 1943; x_wconf 89' lang='lat' dir='ltr'>appli-</span> 
     </span>
     <span class='ocr_line' id='line_1_14' title="bbox 96 1968 1078 2061; baseline -0.004 -18"><span class='ocrx_word' id='word_1_89' title='bbox 96 1974 194 2043; x_wconf 88' lang='lat' dir='ltr'>cuisse</span> <span class='ocrx_word' id='word_1_90' title='bbox 232 1969 312 2038; x_wconf 89' lang='lat' dir='ltr'>mihi</span> <span class='ocrx_word' id='word_1_91' title='bbox 347 1969 493 2053; x_wconf 83' lang='lat' dir='ltr'>videtur,</span> <span class='ocrx_word' id='word_1_92' title='bbox 528 1972 615 2061; x_wconf 88' lang='lat' dir='ltr'>cujus</span> <span class='ocrx_word' id='word_1_93' title='bbox 643 1968 827 2061; x_wconf 88' lang='lat' dir='ltr'>disciplinae</span> <span class='ocrx_word' id='word_1_94' title='bbox 855 1971 980 2038; x_wconf 89' lang='lat' dir='ltr'>insitam</span> <span class='ocrx_word' id='word_1_95' title='bbox 1014 1973 1078 2039; x_wconf 88' lang='lat' dir='ltr'>lere</span> 
     </span>
     <span class='ocr_line' id='line_1_15' title="bbox 95 2090 1076 2183; baseline -0.004 -21"><span class='ocrx_word' id='word_1_96' title='bbox 95 2095 207 2164; x_wconf 91' lang='lat' dir='ltr'>habuit</span> <span class='ocrx_word' id='word_1_97' title='bbox 222 2091 438 2183; x_wconf 90' lang='lat' dir='ltr'>cupiditatem.</span> <span class='ocrx_word' id='word_1_98' title='bbox 462 2091 575 2182; x_wconf 89' lang='lat' dir='ltr'>Neque</span> <span class='ocrx_word' id='word_1_99' title='bbox 592 2090 633 2156; x_wconf 87' lang='lat' dir='ltr'>ad</span> <span class='ocrx_word' id='word_1_100' title='bbox 652 2090 841 2181; x_wconf 86' lang='lat' dir='ltr'>theologiam</span> <span class='ocrx_word' id='word_1_101' title='bbox 857 2093 956 2159; x_wconf 87' lang='lat' dir='ltr'>solum</span> <span class='ocrx_word' id='word_1_102' title='bbox 972 2093 1076 2176; x_wconf 83' lang='lat' dir='ltr'>illam,</span> 
     </span>
     <span class='ocr_line' id='line_1_16' title="bbox 98 2210 1153 2307; baseline 0.002 -27"><span class='ocrx_word' id='word_1_103' title='bbox 98 2238 182 2307; x_wconf 21' lang='lat' dir='ltr'>mae,</span> <span class='ocrx_word' id='word_1_104' title='bbox 206 2215 240 2279; x_wconf 93' lang='lat' dir='ltr'>in</span> <span class='ocrx_word' id='word_1_105' title='bbox 264 2211 375 2280; x_wconf 89' lang='lat' dir='ltr'>scholis</span> <span class='ocrx_word' id='word_1_106' title='bbox 393 2213 458 2277; x_wconf 89' lang='lat' dir='ltr'>fere</span> <span class='ocrx_word' id='word_1_107' title='bbox 477 2211 569 2277; x_wconf 88' lang='lat' dir='ltr'>unice</span> <span class='ocrx_word' id='word_1_108' title='bbox 588 2211 715 2279; x_wconf 88' lang='lat' dir='ltr'>tractari</span> <span class='ocrx_word' id='word_1_109' title='bbox 735 2210 852 2280; x_wconf 83' lang='lat' dir='ltr'>solebdt</span> <span class='ocrx_word' id='word_1_110' title='bbox 863 2261 874 2294; x_wconf 89' lang='lat'>,</span> <span class='ocrx_word' id='word_1_111' title='bbox 898 2213 1079 2282; x_wconf 81' lang='lat' dir='ltr'>conterebat</span> <span class='ocrx_word' id='word_1_112' title='bbox 1149 2231 1153 2234; x_wconf 65' lang='grc'><em>“</em></span> 
     </span>
     <span class='ocr_line' id='line_1_17' title="bbox 96 2330 1106 2426; baseline -0.002 -23"><span class='ocrx_word' id='word_1_113' title='bbox 96 2337 227 2403; x_wconf 86' lang='lat' dir='ltr'>multam</span> <span class='ocrx_word' id='word_1_114' title='bbox 254 2355 399 2425; x_wconf 89' lang='lat' dir='ltr'>operam,</span> <span class='ocrx_word' id='word_1_115' title='bbox 427 2330 500 2414; x_wconf 82' lang='lat' dir='ltr'>sed,</span> <span class='ocrx_word' id='word_1_116' title='bbox 526 2330 611 2423; x_wconf 89' lang='lat' dir='ltr'>qnod</span> <span class='ocrx_word' id='word_1_117' title='bbox 627 2331 680 2426; x_wconf 86' lang='lat' dir='ltr'>ad</span> <span class='ocrx_word' id='word_1_118' title='bbox 710 2331 828 2399; x_wconf 91' lang='lat' dir='ltr'>bonnm</span> <span class='ocrx_word' id='word_1_119' title='bbox 847 2332 1077 2402; x_wconf 85' lang='lat' dir='ltr'>informandum</span> <span class='ocrx_word' id='word_1_120' title='bbox 1099 2397 1106 2407; x_wconf 20' lang='lat' dir='ltr'>t</span> 
     </span>
    </p>

    <p class='ocr_par' dir='ltr' id='par_1_4' title="bbox 19 2447 1080 2545">
     <span class='ocr_line' id='line_1_18' title="bbox 19 2447 1080 2545; baseline 0.003 -26"><span class='ocrx_word' id='word_1_121' title='bbox 19 2514 22 2519; x_wconf 91' lang='lat'>.</span> <span class='ocrx_word' id='word_1_122' title='bbox 43 2447 47 2458; x_wconf 82' lang='lat'>&#39;</span> <span class='ocrx_word' id='word_1_123' title='bbox 97 2457 277 2545; x_wconf 89' lang='lat' dir='ltr'>theologum</span> <span class='ocrx_word' id='word_1_124' title='bbox 296 2454 344 2521; x_wconf 84' lang='lat' dir='ltr'>rel</span> <span class='ocrx_word' id='word_1_125' title='bbox 362 2452 496 2521; x_wconf 83' lang='lat' dir='ltr'>maxime</span> <span class='ocrx_word' id='word_1_126' title='bbox 516 2454 597 2521; x_wconf 83' lang='lat' dir='ltr'>valet</span> <span class='ocrx_word' id='word_1_127' title='bbox 608 2501 618 2535; x_wconf 92' lang='lat'>,</span> <span class='ocrx_word' id='word_1_128' title='bbox 642 2451 682 2520; x_wconf 88' lang='lat' dir='ltr'>ad</span> <span class='ocrx_word' id='word_1_129' title='bbox 703 2453 839 2521; x_wconf 88' lang='lat' dir='ltr'>studium</span> <span class='ocrx_word' id='word_1_130' title='bbox 859 2449 984 2521; x_wconf 73' lang='lat' dir='ltr'>Codicis</span> <span class='ocrx_word' id='word_1_131' title='bbox 1001 2458 1080 2523; x_wconf 75' lang='lat' dir='ltr'>socri</span> 
     </span>
    </p>
   </div>
   <div class='ocr_carea' id='block_1_3' title="bbox 161 2599 1120 3179">
    <p class='ocr_par' dir='ltr' id='par_1_5' title="bbox 161 2599 1120 3179">
     <span class='ocr_line' id='line_1_19' title="bbox 161 2599 1087 2672; baseline 0.009 -24"><span class='ocrx_word' id='word_1_132' title='bbox 161 2599 271 2664; x_wconf 84' lang='lat' dir='ltr'>quodam</span> <span class='ocrx_word' id='word_1_133' title='bbox 287 2600 468 2666; x_wconf 70' lang='lat' dir='ltr'>systematico,</span> <span class='ocrx_word' id='word_1_134' title='bbox 485 2605 566 2658; x_wconf 84' lang='lat' dir='ltr'>altera</span> <span class='ocrx_word' id='word_1_135' title='bbox 574 2620 632 2672; x_wconf 83' lang='lat' dir='ltr'>pars</span> <span class='ocrx_word' id='word_1_136' title='bbox 642 2605 765 2671; x_wconf 79' lang='lat' dir='ltr'>adjuncta</span> <span class='ocrx_word' id='word_1_137' title='bbox 774 2607 814 2656; x_wconf 92' lang='lat' dir='ltr'>est</span> <span class='ocrx_word' id='word_1_138' title='bbox 823 2620 891 2657; x_wconf 85' lang='lat' dir='ltr'>anno</span> <span class='ocrx_word' id='word_1_139' title='bbox 900 2603 983 2667; x_wconf 72' lang='lat' dir='ltr'>test,</span> <span class='ocrx_word' id='word_1_140' title='bbox 997 2621 1087 2672; x_wconf 86' lang='lat' dir='ltr'>nempe</span> 
     </span>
     <span class='ocr_line' id='line_1_20' title="bbox 166 2683 1120 2757; baseline 0.009 -25"><span class='ocrx_word' id='word_1_141' title='bbox 166 2684 287 2733; x_wconf 82' lang='lat' dir='ltr'>collectio</span> <span class='ocrx_word' id='word_1_142' title='bbox 305 2683 507 2750; x_wconf 68' lang='lat' dir='ltr'>discretalium,</span> <span class='ocrx_word' id='word_1_143' title='bbox 525 2691 616 2751; x_wconf 85' lang='lat' dir='ltr'>idest,</span> <span class='ocrx_word' id='word_1_144' title='bbox 636 2691 830 2754; x_wconf 77' lang='lat' dir='ltr'>responsionum</span> <span class='ocrx_word' id='word_1_145' title='bbox 840 2691 1085 2757; x_wconf 81' lang='lat' dir='ltr'>Pontiflcnmcdju-</span> <span class='ocrx_word' id='word_1_146' title='bbox 1118 2720 1120 2724; x_wconf 95' lang='lat'>·</span> 
     </span>
     <span class='ocr_line' id='line_1_21' title="bbox 165 2767 1088 2845; baseline 0.011 -29"><span class='ocrx_word' id='word_1_147' title='bbox 165 2768 199 2816; x_wconf 91' lang='lat' dir='ltr'>ris</span> <span class='ocrx_word' id='word_1_148' title='bbox 216 2767 287 2816; x_wconf 91' lang='lat' dir='ltr'>locos</span> <span class='ocrx_word' id='word_1_149' title='bbox 306 2767 418 2834; x_wconf 84' lang='lat' dir='ltr'>incertos</span> <span class='ocrx_word' id='word_1_150' title='bbox 438 2776 465 2821; x_wconf 91' lang='lat' dir='ltr'>et</span> <span class='ocrx_word' id='word_1_151' title='bbox 478 2772 618 2845; x_wconf 77' lang='lat' dir='ltr'>obscuros,</span> <span class='ocrx_word' id='word_1_152' title='bbox 639 2771 733 2823; x_wconf 85' lang='lat' dir='ltr'>titulo:</span> <span class='ocrx_word' id='word_1_153' title='bbox 754 2772 940 2823; x_wconf 68' lang='lat' dir='ltr'>discretalium</span> <span class='ocrx_word' id='word_1_154' title='bbox 963 2776 1088 2840; x_wconf 75' lang='lat' dir='ltr'>Gregorii</span> 
     </span>
     <span class='ocr_line' id='line_1_22' title="bbox 164 2836 1088 2921; baseline 0.009 -21"><span class='ocrx_word' id='word_1_155' title='bbox 164 2851 198 2902; x_wconf 87' lang='lat' dir='ltr'>P.</span> <span class='ocrx_word' id='word_1_156' title='bbox 217 2851 267 2901; x_wconf 72' lang='lat'>11,</span> <span class='ocrx_word' id='word_1_157' title='bbox 287 2836 370 2904; x_wconf 72' lang='lat' dir='ltr'>ests?</span> <span class='ocrx_word' id='word_1_158' title='bbox 385 2855 425 2916; x_wconf 70' lang='lat' dir='ltr'>V„</span> <span class='ocrx_word' id='word_1_159' title='bbox 440 2858 560 2908; x_wconf 79' lang='lat' dir='ltr'>conlecta</span> <span class='ocrx_word' id='word_1_160' title='bbox 577 2857 640 2906; x_wconf 72' lang='lat' dir='ltr'>ouri</span> <span class='ocrx_word' id='word_1_161' title='bbox 656 2859 684 2906; x_wconf 92' lang='lat' dir='ltr'>et</span> <span class='ocrx_word' id='word_1_162' title='bbox 701 2856 779 2921; x_wconf 77' lang='lat' dir='ltr'>opert</span> <span class='ocrx_word' id='word_1_163' title='bbox 794 2846 916 2905; x_wconf 77' lang='lat' dir='ltr'>monachi</span> <span class='ocrx_word' id='word_1_164' title='bbox 929 2859 1088 2908; x_wconf 82' lang='lat' dir='ltr'>Dominicani</span> 
     </span>
     <span class='ocr_line' id='line_1_23' title="bbox 163 2933 1087 3002; baseline 0.002 -12"><span class='ocrx_word' id='word_1_165' title='bbox 163 2937 304 3002; x_wconf 61' lang='lat' dir='ltr'>hermundi</span> <span class='ocrx_word' id='word_1_166' title='bbox 322 2938 354 2989; x_wconf 91' lang='lat' dir='ltr'>de</span> <span class='ocrx_word' id='word_1_167' title='bbox 364 2933 539 3002; x_wconf 51' lang='lat' dir='ltr'>‘Pennslorth</span> <span class='ocrx_word' id='word_1_168' title='bbox 559 2939 723 2990; x_wconf 80' lang='lat' dir='ltr'>desiderante</span> <span class='ocrx_word' id='word_1_169' title='bbox 741 2939 865 3002; x_wconf 79' lang='lat' dir='ltr'>Gregorio</span> <span class='ocrx_word' id='word_1_170' title='bbox 882 2940 933 2989; x_wconf 81' lang='lat' dir='ltr'>1x=</span> <span class='ocrx_word' id='word_1_171' title='bbox 949 2955 1015 3002; x_wconf 86' lang='lat' dir='ltr'>quae</span> <span class='ocrx_word' id='word_1_172' title='bbox 1029 2942 1087 2993; x_wconf 85' lang='lat' dir='ltr'>col·</span> 
     </span>
     <span class='ocr_line' id='line_1_24' title="bbox 164 3016 1087 3091; baseline 0.004 -18"><span class='ocrx_word' id='word_1_173' title='bbox 164 3023 243 3073; x_wconf 87' lang='lat' dir='ltr'>lectio</span> <span class='ocrx_word' id='word_1_174' title='bbox 270 3022 342 3073; x_wconf 79' lang='lat' dir='ltr'>brevi</span> <span class='ocrx_word' id='word_1_175' title='bbox 370 3029 430 3090; x_wconf 91' lang='lat' dir='ltr'>post</span> <span class='ocrx_word' id='word_1_176' title='bbox 457 3024 547 3091; x_wconf 79' lang='lat'><strong>(1298)</strong></span> <span class='ocrx_word' id='word_1_177' title='bbox 576 3031 650 3074; x_wconf 74' lang='lat' dir='ltr'>seete</span> <span class='ocrx_word' id='word_1_178' title='bbox 675 3023 741 3075; x_wconf 88' lang='lat' dir='ltr'>lihro</span> <span class='ocrx_word' id='word_1_179' title='bbox 760 3016 777 3075; x_wconf 78' lang='lat' dir='ltr'>a</span> <span class='ocrx_word' id='word_1_180' title='bbox 794 3024 926 3074; x_wconf 85' lang='lat' dir='ltr'>Bonifaoio</span> <span class='ocrx_word' id='word_1_181' title='bbox 945 3029 1021 3075; x_wconf 89' lang='lat' dir='ltr'>aucta</span> <span class='ocrx_word' id='word_1_182' title='bbox 1038 3028 1087 3077; x_wconf 91' lang='lat' dir='ltr'>est.</span> 
     </span>
     <span class='ocr_line' id='line_1_25' title="bbox 165 3108 1088 3179; baseline 0.002 -21"><span class='ocrx_word' id='word_1_183' title='bbox 165 3108 235 3158; x_wconf 87' lang='lat' dir='ltr'>Tunc</span> <span class='ocrx_word' id='word_1_184' title='bbox 260 3108 338 3171; x_wconf 88' lang='lat' dir='ltr'>igitur</span> <span class='ocrx_word' id='word_1_185' title='bbox 361 3109 487 3160; x_wconf 87' lang='lat' dir='ltr'>lectiones</span> <span class='ocrx_word' id='word_1_186' title='bbox 512 3108 674 3179; x_wconf 80' lang='lat' dir='ltr'>hahehantur</span> <span class='ocrx_word' id='word_1_187' title='bbox 692 3111 719 3159; x_wconf 93' lang='lat' dir='ltr'>in</span> <span class='ocrx_word' id='word_1_188' title='bbox 735 3108 949 3162; x_wconf 81' lang='lat' dir='ltr'>Universitatihus</span> <span class='ocrx_word' id='word_1_189' title='bbox 968 3109 1000 3160; x_wconf 92' lang='lat' dir='ltr'>de</span> <span class='ocrx_word' id='word_1_190' title='bbox 1015 3112 1088 3161; x_wconf 74' lang='lat' dir='ltr'>utri-</span> 
     </span>
    </p>
   </div>
   <div class='ocr_carea' id='block_1_4' title="bbox 100 3191 1091 4005">
    <p class='ocr_par' dir='ltr' id='par_1_6' title="bbox 164 3191 1089 3259">
     <span class='ocr_line' id='line_1_26' title="bbox 164 3191 1089 3259; baseline 0.003 -17"><span class='ocrx_word' id='word_1_191' title='bbox 164 3208 214 3257; x_wconf 85' lang='lat' dir='ltr'>que</span> <span class='ocrx_word' id='word_1_192' title='bbox 239 3191 288 3242; x_wconf 89' lang='lat' dir='ltr'>hac</span> <span class='ocrx_word' id='word_1_193' title='bbox 305 3191 426 3259; x_wconf 84' lang='lat' dir='ltr'>Corporis</span> <span class='ocrx_word' id='word_1_194' title='bbox 448 3195 516 3259; x_wconf 81' lang='lat' dir='ltr'>juris</span> <span class='ocrx_word' id='word_1_195' title='bbox 539 3194 657 3244; x_wconf 88' lang='lat' dir='ltr'>canonici</span> <span class='ocrx_word' id='word_1_196' title='bbox 676 3197 759 3259; x_wconf 85' lang='lat' dir='ltr'>parte.</span> <span class='ocrx_word' id='word_1_197' title='bbox 795 3193 911 3257; x_wconf 72' lang='lat' dir='ltr'>Denique</span> <span class='ocrx_word' id='word_1_198' title='bbox 929 3192 1089 3246; x_wconf 82' lang='lat' dir='ltr'>ClemensV</span> 
     </span>
    </p>

    <p class='ocr_par' dir='ltr' id='par_1_7' title="bbox 163 3274 1090 3348">
     <span class='ocr_line' id='line_1_27' title="bbox 163 3274 1090 3348; baseline 0 -21"><span class='ocrx_word' id='word_1_199' title='bbox 163 3277 279 3328; x_wconf 89' lang='lat' dir='ltr'>ultimam</span> <span class='ocrx_word' id='word_1_200' title='bbox 305 3274 402 3326; x_wconf 85' lang='lat' dir='ltr'>addidit</span> <span class='ocrx_word' id='word_1_201' title='bbox 426 3275 577 3348; x_wconf 32' lang='lat' dir='ltr'>annox1313</span> <span class='ocrx_word' id='word_1_202' title='bbox 596 3276 772 3328; x_wconf 79' lang='lat' dir='ltr'>authenticam</span> <span class='ocrx_word' id='word_1_203' title='bbox 790 3276 962 3327; x_wconf 83' lang='lat' dir='ltr'>Decretalinm</span> <span class='ocrx_word' id='word_1_204' title='bbox 991 3278 1090 3343; x_wconf 88' lang='lat' dir='ltr'>collec-</span> 
     </span>
    </p>

    <p class='ocr_par' dir='ltr' id='par_1_8' title="bbox 164 3352 1089 3421">
     <span class='ocr_line' id='line_1_28' title="bbox 164 3352 1089 3421; baseline -0.005 -8"><span class='ocrx_word' id='word_1_205' title='bbox 164 3363 278 3421; x_wconf 89' lang='lat' dir='ltr'>tionem,</span> <span class='ocrx_word' id='word_1_206' title='bbox 308 3359 382 3408; x_wconf 64' lang='lat' dir='ltr'>titt.</span> <span class='ocrx_word' id='word_1_207' title='bbox 406 3356 434 3409; x_wconf 75' lang='lat' dir='ltr'>V.</span> <span class='ocrx_word' id='word_1_208' title='bbox 457 3352 707 3419; x_wconf 72' lang='lat' dir='ltr'>Clemeuttnarssns,</span> <span class='ocrx_word' id='word_1_209' title='bbox 728 3360 825 3410; x_wconf 77' lang='lat' dir='ltr'>luctam</span> <span class='ocrx_word' id='word_1_210' title='bbox 845 3359 1089 3419; x_wconf 80' lang='lat' dir='ltr'>exconstitntioni·</span> 
     </span>
    </p>

    <p class='ocr_par' dir='ltr' id='par_1_9' title="bbox 163 3441 1091 3511">
     <span class='ocr_line' id='line_1_29' title="bbox 163 3441 1091 3511; baseline -0.003 -14"><span class='ocrx_word' id='word_1_211' title='bbox 163 3447 211 3497; x_wconf 92' lang='lat' dir='ltr'>hus</span> <span class='ocrx_word' id='word_1_212' title='bbox 236 3445 315 3511; x_wconf 88' lang='lat' dir='ltr'>ipsius</span> <span class='ocrx_word' id='word_1_213' title='bbox 341 3444 368 3492; x_wconf 93' lang='lat' dir='ltr'>in</span> <span class='ocrx_word' id='word_1_214' title='bbox 393 3441 503 3491; x_wconf 89' lang='lat' dir='ltr'>concilio</span> <span class='ocrx_word' id='word_1_215' title='bbox 529 3443 668 3495; x_wconf 83' lang='lat' dir='ltr'>Viennensi</span> <span class='ocrx_word' id='word_1_216' title='bbox 687 3448 715 3494; x_wconf 90' lang='lat' dir='ltr'>et</span> <span class='ocrx_word' id='word_1_217' title='bbox 734 3444 805 3494; x_wconf 91' lang='lat' dir='ltr'>alihi.</span> <span class='ocrx_word' id='word_1_218' title='bbox 851 3445 886 3492; x_wconf 81' lang='lat' dir='ltr'>Ex</span> <span class='ocrx_word' id='word_1_219' title='bbox 906 3443 957 3492; x_wconf 91' lang='lat' dir='ltr'>illis</span> <span class='ocrx_word' id='word_1_220' title='bbox 976 3443 1091 3510; x_wconf 87' lang='lat' dir='ltr'>partibus</span> 
     </span>
    </p>

    <p class='ocr_par' dir='ltr' id='par_1_10' title="bbox 142 3527 1089 3680">
     <span class='ocr_line' id='line_1_30' title="bbox 142 3527 1089 3596; baseline -0.001 -16"><span class='ocrx_word' id='word_1_221' title='bbox 142 3531 210 3596; x_wconf 71' lang='lat' dir='ltr'>›qui</span> <span class='ocrx_word' id='word_1_222' title='bbox 235 3529 327 3580; x_wconf 89' lang='lat' dir='ltr'>sensim</span> <span class='ocrx_word' id='word_1_223' title='bbox 345 3527 501 3592; x_wconf 86' lang='lat' dir='ltr'>compositus</span> <span class='ocrx_word' id='word_1_224' title='bbox 516 3532 587 3590; x_wconf 86' lang='lat' dir='ltr'>erat,</span> <span class='ocrx_word' id='word_1_225' title='bbox 608 3529 730 3584; x_wconf 75' lang='lat' dir='ltr'>Codicum</span> <span class='ocrx_word' id='word_1_226' title='bbox 742 3529 821 3593; x_wconf 76' lang='lat' dir='ltr'>just·</span> <span class='ocrx_word' id='word_1_227' title='bbox 837 3530 964 3592; x_wconf 70' lang='lat' dir='ltr'>canentes·</span> <span class='ocrx_word' id='word_1_228' title='bbox 981 3529 1089 3579; x_wconf 87' lang='lat' dir='ltr'>multum</span> 
     </span>
     <span class='ocr_line' id='line_1_31' title="bbox 164 3611 1056 3680; baseline -0.004 -12"><span class='ocrx_word' id='word_1_229' title='bbox 164 3613 330 3669; x_wconf 89' lang='lat' dir='ltr'>commentati</span> <span class='ocrx_word' id='word_1_230' title='bbox 350 3614 410 3661; x_wconf 88' lang='lat' dir='ltr'>sunt</span> <span class='ocrx_word' id='word_1_231' title='bbox 430 3611 499 3660; x_wconf 84' lang='lat' dir='ltr'>vario</span> <span class='ocrx_word' id='word_1_232' title='bbox 516 3616 629 3680; x_wconf 87' lang='lat' dir='ltr'>ternpore</span> <span class='ocrx_word' id='word_1_233' title='bbox 650 3613 826 3673; x_wconf 78' lang='lat' dir='ltr'>Decretistac,</span> <span class='ocrx_word' id='word_1_234' title='bbox 845 3613 891 3676; x_wconf 93' lang='lat' dir='ltr'>qui</span> <span class='ocrx_word' id='word_1_235' title='bbox 908 3612 1056 3664; x_wconf 87' lang='lat' dir='ltr'>audiebant.</span> 
     </span>
    </p>

    <p class='ocr_par' dir='ltr' id='par_1_11' title="bbox 130 3689 1090 3771">
     <span class='ocr_line' id='line_1_32' title="bbox 130 3689 1090 3771; baseline 0.005 -30"><span class='ocrx_word' id='word_1_236' title='bbox 130 3705 149 3741; x_wconf 80' lang='grc' dir='ltr'>ι·</span> <span class='ocrx_word' id='word_1_237' title='bbox 166 3700 255 3759; x_wconf 73' lang='lat' dir='ltr'>Levis.</span> <span class='ocrx_word' id='word_1_238' title='bbox 274 3714 300 3762; x_wconf 84' lang='lat' dir='ltr'>p.</span> <span class='ocrx_word' id='word_1_239' title='bbox 315 3689 342 3745; x_wconf 65' lang='lat'>3&#39;.</span> <span class='ocrx_word' id='word_1_240' title='bbox 363 3721 395 3734; x_wconf 90' lang='lat'>-·</span> <span class='ocrx_word' id='word_1_241' title='bbox 413 3695 432 3760; x_wconf 13' lang='lat'>²,</span> <span class='ocrx_word' id='word_1_242' title='bbox 444 3696 576 3771; x_wconf 83' lang='lat' dir='ltr'>Regnante</span> <span class='ocrx_word' id='word_1_243' title='bbox 595 3698 764 3759; x_wconf 70' lang='lat' dir='ltr'>henricum,</span> <span class='ocrx_word' id='word_1_244' title='bbox 777 3700 1090 3765; x_wconf 86' lang='lat' dir='ltr'>Westmonasteriiprope</span> 
     </span>
    </p>

    <p class='ocr_par' dir='ltr' id='par_1_12' title="bbox 100 3777 1089 3850">
     <span class='ocr_line' id='line_1_33' title="bbox 100 3777 1089 3850; baseline 0 -21"><span class='ocrx_word' id='word_1_245' title='bbox 100 3821 104 3829; x_wconf 88' lang='lat'><strong>.</strong></span> <span class='ocrx_word' id='word_1_246' title='bbox 163 3780 304 3836; x_wconf 73' lang='lat' dir='ltr'>londinum</span> <span class='ocrx_word' id='word_1_247' title='bbox 323 3777 427 3828; x_wconf 85' lang='lat' dir='ltr'>condita</span> <span class='ocrx_word' id='word_1_248' title='bbox 450 3780 590 3846; x_wconf 22' lang='lat' dir='ltr'>fuit-juris</span> <span class='ocrx_word' id='word_1_249' title='bbox 615 3782 719 3844; x_wconf 87' lang='lat' dir='ltr'>schola,</span> <span class='ocrx_word' id='word_1_250' title='bbox 747 3784 774 3833; x_wconf 88' lang='lat' dir='ltr'>in</span> <span class='ocrx_word' id='word_1_251' title='bbox 800 3799 850 3848; x_wconf 87' lang='lat' dir='ltr'>qua</span> <span class='ocrx_word' id='word_1_252' title='bbox 878 3783 957 3848; x_wconf 81' lang='lat' dir='ltr'>Angli</span> <span class='ocrx_word' id='word_1_253' title='bbox 978 3786 1089 3850; x_wconf 85' lang='lat' dir='ltr'>juvenes</span> 
     </span>
    </p>

    <p class='ocr_par' dir='ltr' id='par_1_13' title="bbox 164 3861 1089 3934">
     <span class='ocr_line' id='line_1_34' title="bbox 164 3861 1089 3934; baseline -0.003 -17"><span class='ocrx_word' id='word_1_254' title='bbox 164 3861 376 3917; x_wconf 85' lang='lat' dir='ltr'>consuetudinem</span> <span class='ocrx_word' id='word_1_255' title='bbox 393 3878 526 3929; x_wconf 86' lang='lat' dir='ltr'>moresque</span> <span class='ocrx_word' id='word_1_256' title='bbox 546 3867 670 3931; x_wconf 86' lang='lat' dir='ltr'>majorum</span> <span class='ocrx_word' id='word_1_257' title='bbox 681 3868 866 3931; x_wconf 84' lang='lat' dir='ltr'>edocerentur,</span> <span class='ocrx_word' id='word_1_258' title='bbox 887 3871 966 3934; x_wconf 88' lang='lat' dir='ltr'>inque</span> <span class='ocrx_word' id='word_1_259' title='bbox 984 3866 1089 3932; x_wconf 83' lang='lat' dir='ltr'>agendis</span> 
     </span>
    </p>

    <p class='ocr_par' dir='ltr' id='par_1_14' title="bbox 165 3946 1089 4005">
     <span class='ocr_line' id='line_1_35' title="bbox 165 3946 1089 4005; baseline 0.004 -6"><span class='ocrx_word' id='word_1_260' title='bbox 165 3949 248 3999; x_wconf 87' lang='lat' dir='ltr'>causis</span> <span class='ocrx_word' id='word_1_261' title='bbox 270 3946 480 3997; x_wconf 81' lang='lat' dir='ltr'>exercitarentur.</span> <span class='ocrx_word' id='word_1_262' title='bbox 524 3951 633 4002; x_wconf 82' lang='lat' dir='ltr'>Eduardi</span> <span class='ocrx_word' id='word_1_263' title='bbox 656 3954 697 4002; x_wconf 79' lang='lat'>111</span> <span class='ocrx_word' id='word_1_264' title='bbox 724 3958 809 4005; x_wconf 85' lang='lat' dir='ltr'>aetate</span> <span class='ocrx_word' id='word_1_265' title='bbox 835 3956 897 4005; x_wconf 88' lang='lat' dir='ltr'>satis</span> <span class='ocrx_word' id='word_1_266' title='bbox 922 3955 966 4004; x_wconf 90' lang='lat' dir='ltr'>illa</span> <span class='ocrx_word' id='word_1_267' title='bbox 990 3952 1089 4003; x_wconf 82' lang='lat' dir='ltr'>floruit.</span> 
     </span>
    </p>
   </div>
   <div class='ocr_carea' id='block_1_5' title="bbox 166 4023 1207 4117">
    <p class='ocr_par' dir='ltr' id='par_1_15' title="bbox 166 4023 1207 4117">
     <span class='ocr_line' id='line_1_36' title="bbox 166 4023 1207 4117; baseline 0.004 -34"><span class='ocrx_word' id='word_1_268' title='bbox 166 4031 224 4083; x_wconf 80' lang='lat' dir='ltr'>vra.</span> <span class='ocrx_word' id='word_1_269' title='bbox 243 4033 343 4095; x_wconf 60' lang='lat' dir='ltr'>resq,</span> <span class='ocrx_word' id='word_1_270' title='bbox 360 4030 415 4117; x_wconf 69' lang='lat' dir='ltr'>nse</span> <span class='ocrx_word' id='word_1_271' title='bbox 433 4032 647 4104; x_wconf 64' lang='lat' dir='ltr'>nuc-oscam</span> <span class='ocrx_word' id='word_1_272' title='bbox 659 4038 780 4094; x_wconf 58' lang='lat' dir='ltr'>nccare.</span> <span class='ocrx_word' id='word_1_273' title='bbox 792 4039 904 4093; x_wconf 58' lang='lat' dir='ltr'>rosv.</span> <span class='ocrx_word' id='word_1_274' title='bbox 916 4055 973 4106; x_wconf 68' lang='lat' dir='ltr'>sap.</span> <span class='ocrx_word' id='word_1_275' title='bbox 984 4037 1088 4103; x_wconf 73' lang='lat' dir='ltr'>rura</span> <span class='ocrx_word' id='word_1_276' title='bbox 1197 4023 1207 4046; x_wconf 80' lang='grc'><em>’</em></span> 
     </span>
    </p>
   </div>
   <div class='ocr_carea' id='block_1_6' title="bbox 0 0 1298 4718">
    <p class='ocr_par' dir='ltr' id='par_1_16' title="bbox 0 0 1298 4718">
     <span class='ocr_line' id='line_1_37' title="bbox 0 0 1298 4718; baseline 0 1"><span class='ocrx_word' id='word_1_277' title='bbox 0 0 1298 4718; x_wconf 95' lang='lat' dir='ltr'> </span> 
     </span>
    </p>
   </div>
  </div>
 </body>
</html>
