2586 4718
661 349 722 410 196

205 563 344 651 spurium
368 556 446 625 illud
464 570 617 646 statutum}
631 579 667 622 ex
686 558 773 624 Actis
790 558 924 646 publicis
943 580 1102 649 nunqusm
1124 563 1191 629 ‹le-

204 685 301 749 letum
319 683 379 749 fuit
390 690 418 751 1.

248 925 321 992 Jam
346 945 419 990 vero
445 921 654 1001 Gourtneeus‚
675 915 843 1010 gloriatus,
865 944 926 1011 quo
946 945 977 986 se
999 937 1189 1006 ornaverat,

202 1045 313 1113 titulo:
345 1044 570 1133 Inquisitors's
590 1045 739 1132 supremi
761 1046 798 1105 s’n
809 1046 1018 1133 pravitatem
1036 1044 1191 1125 baereti-

204 1189 275 1231 eam
297 1187 366 1255 per
395 1155 499 1228 totam¹
515 1166 729 1253 prouinciam
752 1162 1049 1241 Cantuors'ensem,
1071 1164 1190 1232 fortius

195 1285 446 1376 jurisdictionem
475 1305 617 1350 exercere
645 1283 800 1353 studebat.
857 1283 978 1349 Primus
1006 1283 1038 1347 in
1067 1285 1189 1373 tngtiat

122 1463 126 1472 .
197 1409 289 1475 fuisse
315 1407 460 1485 videtur,
481 1406 536 1494 qui
556 1406 733 1495 imploravit
753 1412 948 1494 magistratus
967 1405 1064 1470 civilis
1085 1407 1183 1501 auri-

197 1530 275 1596 lium
304 1529 343 1594 ad
373 1525 589 1594 stabiliendam
618 1522 775 1592 Ecclesiae
803 1525 985 1592 Pontificius
1005 1526 1186 1592 auetorita-

197 1664 273 1720 tem.
308 1651 367 1730 Et,
391 1671 486 1738 quum
507 1649 540 1713 iu
557 1649 676 1737 reliquis
695 1648 840 1737 Europa,
861 1648 893 1712 iu
911 1648 1011 1714 Gallie
1026 1648 1183 1731 maxime,

196 1772 307 1850 Italiai,
336 1770 507 1860 Hispaniis,
536 1769 612 1858 quin
639 1771 733 1835 etiam
759 1769 792 1832 in
811 1768 998 1848 Germanii,
1018 1790 1036 1832 a
1054 1771 1183 1849 saeculo

194 1895 261 1983 jam
278 1886 553 1970 Xlllshorrenda
574 1889 785 1980 inquisitionis
805 1890 974 1958 tribunalis
993 1890 1184 1959 exstitissent

197 2012 235 2078 ad
261 2009 472 2100 exstirpandos
495 2009 696 2094 haereticos,
714 2012 745 2076 in
771 2010 882 2100 Anglii
909 2010 1048 2077 nondum
1066 2034 1184 2102 rogum

198 2131 439 2199 conscenderant
473 2129 641 2199 Christiani
675 2134 716 2198 ob
748 2134 885 2222 placita,
917 2131 992 2198 fidei
1020 2132 1183 2200 Ecclesiae

195 2253 399 2322 adversantis.
447 2253 539 2318 Brevi
567 2275 640 2319 vero
667 2253 700 2316 in
726 2252 948 2318 Britannorum
974 2277 1098 2343 quoque
1126 2257 1185 2320 in-

195 2376 258 2442 sulis
281 2374 433 2440 dirissime
452 2372 655 2453 vexabantur,
675 2385 829 2462 quotquot
848 2374 907 2439 alis
923 2357 1072 2440 sentirent
1082 2386 1182 2464 utque
1275 2348 1277 2350 V

195 2495 349 2563 credenda
371 2518 435 2562 esse
454 2495 592 2560 Ecclesia
611 2495 875 2583 pronuntiaverat.
922 2492 1100 2560 Concilium
1117 2497 1181 2584 igi-

194 2630 268 2699 tur,
295 2622 335 2683 21
359 2616 435 2706 Maji
454 2612 635 2694 dimissum,
656 2616 769 2680 iterum
788 2615 890 2704 ootgit
911 2612 1102 2681 Gourtnaeus
1124 2615 1180 2681 die

196 2715 354 2826 121Junii
383 2736 415 2801 in
445 2736 588 2802 conclave
615 2735 869 2803 Praedicatorum
900 2737 1047 2806 Londini.
1105 2737 1180 2805 Huc

192 2871 342 2925 venerunt
362 2855 401 2922 ed
419 2854 633 2922 vadimonium
655 2855 862 2924 cancellarius
881 2858 1079 2940 Oxonieusis,
1098 2859 1180 2948 Rig-

191 2981 258 3069 gius
268 3028 278 3060 ,
301 2992 332 3045 et
351 2976 588 3067 Brightvvellus,
610 2991 703 3067 atque
717 3027 726 3059 ,
739 2977 920 3068 interrogati
936 2978 1119 3044 sententiam
1136 2977 1180 3045 de

191 3099 330 3166 thesibus
349 3121 439 3188 supra
456 3100 652 3179 memoretis,
674 3099 918 3190 responderunt,
935 3122 967 3166 se
982 3099 1177 3181 existimare,

192 3243 241 3287 eas
275 3241 339 3286 esse
375 3218 548 3287 haereticas
567 3195 610 3286 ²..
650 3219 730 3286 'lusu
760 3216 1020 3312 Archiepisoopus
1046 3219 1178 3305 literas,

224 3501 234 3535 1
259 3500 317 3550 vid.
336 3501 443 3552 Rullum.
462 3500 638 3567 v01.111..p.
658 3498 718 3551 132.

222 3584 387 3635 ²l1irsbitur
425 3589 492 3637 forte
526 3585 619 3648 uliquis
651 3584 837 3634 confessionem
863 3584 955 3634 horum
980 3586 1111 3636 virorum:
1130 3587 1184 3643 *sed

256 3670 339 3729 sciet,
362 3673 498 3721 memoriae
515 3669 645 3735 proditum
663 3685 738 3728 esse,
760 3667 867 3733 primum
886 3667 1078 3731 Briglrtwellum
1101 3669 1185 3721 luisse

256 3754 451 3817 tergiversatum
477 3755 504 3801 in
521 3751 664 3816 profitendi
682 3751 807 3817 ejusmodi
823 3754 968 3814 sententie,
988 3769 1072 3818 neque
1087 3753 1186 3804 libenti

152 3899 154 3903 ,
255 3838 405 3903 prolixoque
430 3837 514 3885 unimo
536 3837 643 3887 eundem
668 3838 845 3897 pronuntiasse
869 3835 997 3902 Riggium.
1033 3838 1107 3902 Quod
1132 3841 1186 3890 Ar·

252 3921 430 3986 chlepisoopus
456 3935 558 3982 quoque
585 3922 626 3970 vel
644 3921 788 3986 suspicatus
805 3938 876 3984 csse,
894 3925 935 3974 vel
952 3941 983 3974 ex
1001 3924 1058 3974 aliis
1076 3938 1187 3990 compe·
1260 3956 1262 3961 ·

255 4006 318 4054 risse
339 4004 454 4055 videtur:
482 4020 540 4053 nam
567 4001 617 4055 hoo
645 4007 700 4072 ipso
728 4006 771 4056 die
795 4008 864 4057 misit
877 4008 981 4074 insuper
996 4008 1133 4074 epistolum
1152 4009 1187 4059 sd

250 4088 384 4151 utggium.
401 4086 440 4172 ¹iu
457 4089 508 4152 qui
528 4089 581 4143 sits
607 4091 696 4141 »Cum
713 4090 914 4144 intellexerimus
929 4109 959 4143 ex
975 4092 1027 4143 fide
1042 4091 1183 4156 dignorum
