<?xml version="1.0" encoding="UTF-8"?>
<!DOCTYPE html PUBLIC "-//W3C//DTD XHTML 1.0 Transitional//EN"
    "http://www.w3.org/TR/xhtml1/DTD/xhtml1-transitional.dtd">
<html xmlns="http://www.w3.org/1999/xhtml" xml:lang="en" lang="en">
 <head>
  <title>
</title>
<meta http-equiv="Content-Type" content="text/html;charset=utf-8" />
  <meta name='ocr-system' content='tesseract 3.04.00' />
  <meta name='ocr-capabilities' content='ocr_page ocr_carea ocr_par ocr_line ocrx_word'/>
</head>
<body>
  <div class='ocr_page' id='page_1' title='image "./diatribeinjohan00unkngoog_0034.png"; bbox 0 0 2586 4718; ppageno 0'>
   <div class='ocr_carea' id='block_1_1' title="bbox 650 353 688 439">
    <p class='ocr_par' dir='ltr' id='par_1_1' title="bbox 650 353 688 439">
     <span class='ocr_line' id='line_1_1' title="bbox 650 353 688 439; baseline 0 0"><span class='ocrx_word' id='word_1_1' title='bbox 650 353 688 439; x_wconf 71' lang='lat' dir='ltr'><strong>rr</strong></span> 
     </span>
    </p>
   </div>
   <div class='ocr_carea' id='block_1_2' title="bbox 90 565 1232 3562">
    <p class='ocr_par' dir='ltr' id='par_1_2' title="bbox 115 565 1230 1003">
     <span class='ocr_line' id='line_1_2' title="bbox 184 565 1161 662; baseline -0.006 -20"><span class='ocrx_word' id='word_1_2' title='bbox 184 572 432 642; x_wconf 76' lang='lat' dir='ltr'><strong>incendebantur</strong></span> <span class='ocrx_word' id='word_1_3' title='bbox 451 571 533 634; x_wconf 89' lang='lat' dir='ltr'><strong>enirn</strong></span> <span class='ocrx_word' id='word_1_4' title='bbox 555 565 664 635; x_wconf 89' lang='lat' dir='ltr'><strong>ardore</strong></span> <span class='ocrx_word' id='word_1_5' title='bbox 679 565 815 658; x_wconf 90' lang='lat' dir='ltr'><strong>quodam</strong></span> <span class='ocrx_word' id='word_1_6' title='bbox 827 565 980 634; x_wconf 90' lang='lat' dir='ltr'><strong>sentiendi</strong></span> <span class='ocrx_word' id='word_1_7' title='bbox 989 567 1161 662; x_wconf 87' lang='lat' dir='ltr'><strong>agendique</strong></span> 
     </span>
     <span class='ocr_line' id='line_1_3' title="bbox 182 689 1161 782; baseline -0.004 -22"><span class='ocrx_word' id='word_1_8' title='bbox 182 695 356 774; x_wconf 89' lang='lat' dir='ltr'><strong>libertatis;</strong></span> <span class='ocrx_word' id='word_1_9' title='bbox 387 693 482 782; x_wconf 90' lang='lat' dir='ltr'><strong>inque</strong></span> <span class='ocrx_word' id='word_1_10' title='bbox 507 690 595 757; x_wconf 89' lang='lat' dir='ltr'><strong>libris</strong></span> <span class='ocrx_word' id='word_1_11' title='bbox 622 690 731 769; x_wconf 88' lang='lat' dir='ltr'><strong>saeris,</strong></span> <span class='ocrx_word' id='word_1_12' title='bbox 753 690 827 755; x_wconf 88' lang='lat' dir='ltr'><strong>licet</strong></span> <span class='ocrx_word' id='word_1_13' title='bbox 844 689 876 754; x_wconf 95' lang='lat' dir='ltr'><strong>in</strong></span> <span class='ocrx_word' id='word_1_14' title='bbox 892 689 1084 779; x_wconf 77' lang='lat' dir='ltr'><strong>gravissimos</strong></span> <span class='ocrx_word' id='word_1_15' title='bbox 1100 692 1161 782; x_wconf 90' lang='lat' dir='ltr'><strong>ipsi</strong></span> 
     </span>
     <span class='ocr_line' id='line_1_4' title="bbox 182 806 1230 905; baseline -0.006 -23"><span class='ocrx_word' id='word_1_16' title='bbox 182 839 301 883; x_wconf 89' lang='lat' dir='ltr'><strong>errores</strong></span> <span class='ocrx_word' id='word_1_17' title='bbox 325 815 403 905; x_wconf 86' lang='lat' dir='ltr'><strong>lapsi</strong></span> <span class='ocrx_word' id='word_1_18' title='bbox 432 825 551 892; x_wconf 86' lang='lat' dir='ltr'><strong>essent,</strong></span> <span class='ocrx_word' id='word_1_19' title='bbox 576 810 765 901; x_wconf 87' lang='lat' dir='ltr'><strong>praesidium</strong></span> <span class='ocrx_word' id='word_1_20' title='bbox 794 810 942 900; x_wconf 88' lang='lat' dir='ltr'><strong>reperisse</strong></span> <span class='ocrx_word' id='word_1_21' title='bbox 971 811 1085 900; x_wconf 90' lang='lat' dir='ltr'><strong>passim</strong></span> <span class='ocrx_word' id='word_1_22' title='bbox 1102 812 1161 878; x_wconf 86' lang='lat' dir='ltr'><strong>sibi</strong></span> <span class='ocrx_word' id='word_1_23' title='bbox 1227 806 1230 811; x_wconf 76' lang='grc'><strong>’</strong></span> 
     </span>
     <span class='ocr_line' id='line_1_5' title="bbox 115 933 640 1003; baseline 0 -2"><span class='ocrx_word' id='word_1_24' title='bbox 115 951 123 961; x_wconf 80' lang='lat'><strong><em>‘</em></strong></span> <span class='ocrx_word' id='word_1_25' title='bbox 180 937 366 1003; x_wconf 84' lang='lat' dir='ltr'><strong>ridebantur</strong></span> <span class='ocrx_word' id='word_1_26' title='bbox 388 936 451 1000; x_wconf 90' lang='lat' dir='ltr'><strong>suis</strong></span> <span class='ocrx_word' id='word_1_27' title='bbox 470 933 640 1001; x_wconf 76' lang='lat' dir='ltr'><strong>sententiis.</strong></span> 
     </span>
    </p>

    <p class='ocr_par' dir='ltr' id='par_1_3' title="bbox 90 1053 1232 3562">
     <span class='ocr_line' id='line_1_6' title="bbox 225 1053 1160 1145; baseline -0.006 -19"><span class='ocrx_word' id='word_1_28' title='bbox 225 1064 267 1126; x_wconf 80' lang='lat' dir='ltr'><strong>tt</strong></span> <span class='ocrx_word' id='word_1_29' title='bbox 297 1080 369 1123; x_wconf 82' lang='lat' dir='ltr'><strong>vero</strong></span> <span class='ocrx_word' id='word_1_30' title='bbox 392 1077 454 1122; x_wconf 92' lang='lat' dir='ltr'><strong>non</strong></span> <span class='ocrx_word' id='word_1_31' title='bbox 481 1077 585 1121; x_wconf 88' lang='lat' dir='ltr'><strong>omnes</strong></span> <span class='ocrx_word' id='word_1_32' title='bbox 614 1066 715 1120; x_wconf 87' lang='lat' dir='ltr'><strong>sectae</strong></span> <span class='ocrx_word' id='word_1_33' title='bbox 743 1066 836 1142; x_wconf 91' lang='lat' dir='ltr'><strong>atque</strong></span> <span class='ocrx_word' id='word_1_34' title='bbox 852 1053 1027 1133; x_wconf 89' lang='lat' dir='ltr'><strong>baeretici,</strong></span> <span class='ocrx_word' id='word_1_35' title='bbox 1058 1055 1160 1145; x_wconf 91' lang='lat' dir='ltr'><strong>quiin</strong></span> 
     </span>
     <span class='ocr_line' id='line_1_7' title="bbox 182 1172 1162 1264; baseline -0.002 -22"><span class='ocrx_word' id='word_1_36' title='bbox 182 1179 318 1244; x_wconf 73' lang='lat' dir='ltr'><strong>Ecclesiai</strong></span> <span class='ocrx_word' id='word_1_37' title='bbox 336 1177 445 1243; x_wconf 75' lang='lat' dir='ltr'><strong>Latini</strong></span> <span class='ocrx_word' id='word_1_38' title='bbox 465 1175 652 1255; x_wconf 88' lang='lat' dir='ltr'><strong>adfuerunt,</strong></span> <span class='ocrx_word' id='word_1_39' title='bbox 678 1172 718 1239; x_wconf 89' lang='lat' dir='ltr'><strong>ad</strong></span> <span class='ocrx_word' id='word_1_40' title='bbox 734 1174 961 1240; x_wconf 82' lang='lat' dir='ltr'><strong>reformationis</strong></span> <span class='ocrx_word' id='word_1_41' title='bbox 981 1172 1162 1264; x_wconf 78' lang='lat' dir='ltr'><strong>prodromos</strong></span> 
     </span>
     <span class='ocr_line' id='line_1_8' title="bbox 105 1296 1164 1387; baseline -0.002 -25"><span class='ocrx_word' id='word_1_42' title='bbox 105 1338 109 1343; x_wconf 93' lang='lat'><em>-</em></span> <span class='ocrx_word' id='word_1_43' title='bbox 181 1300 290 1364; x_wconf 89' lang='lat' dir='ltr'><strong>referri</strong></span> <span class='ocrx_word' id='word_1_44' title='bbox 302 1311 438 1387; x_wconf 87' lang='lat' dir='ltr'><strong>possunt.</strong></span> <span class='ocrx_word' id='word_1_45' title='bbox 474 1298 554 1364; x_wconf 91' lang='lat' dir='ltr'><strong>Nam</strong></span> <span class='ocrx_word' id='word_1_46' title='bbox 565 1297 647 1382; x_wconf 89' lang='lat' dir='ltr'><strong>inter</strong></span> <span class='ocrx_word' id='word_1_47' title='bbox 667 1308 782 1376; x_wconf 88' lang='lat' dir='ltr'><strong>sectas,</strong></span> <span class='ocrx_word' id='word_1_48' title='bbox 803 1316 883 1383; x_wconf 90' lang='lat' dir='ltr'><strong>quae</strong></span> <span class='ocrx_word' id='word_1_49' title='bbox 902 1296 1098 1375; x_wconf 85' lang='lat' dir='ltr'><strong>exstiterunt,</strong></span> <span class='ocrx_word' id='word_1_50' title='bbox 1110 1307 1164 1360; x_wconf 85' lang='lat' dir='ltr'><strong>aut</strong></span> 
     </span>
     <span class='ocr_line' id='line_1_9' title="bbox 178 1415 1160 1506; baseline 0.002 -25"><span class='ocrx_word' id='word_1_51' title='bbox 178 1418 277 1506; x_wconf 90' lang='lat' dir='ltr'><strong>magis</strong></span> <span class='ocrx_word' id='word_1_52' title='bbox 294 1417 494 1483; x_wconf 89' lang='lat' dir='ltr'><strong>innotuerunt</strong></span> <span class='ocrx_word' id='word_1_53' title='bbox 507 1417 628 1483; x_wconf 89' lang='lat' dir='ltr'><strong>saeculo</strong></span> <span class='ocrx_word' id='word_1_54' title='bbox 643 1416 722 1483; x_wconf 87' lang='lat' dir='ltr'>XIII</span> <span class='ocrx_word' id='word_1_55' title='bbox 731 1431 742 1497; x_wconf 72' lang='lat'><strong>,‘</strong></span> <span class='ocrx_word' id='word_1_56' title='bbox 753 1437 950 1504; x_wconf 89' lang='lat' dir='ltr'><strong>quarumque</strong></span> <span class='ocrx_word' id='word_1_57' title='bbox 960 1415 1047 1480; x_wconf 78' lang='lat' dir='ltr'><strong>brevi</strong></span> <span class='ocrx_word' id='word_1_58' title='bbox 1058 1416 1160 1483; x_wconf 89' lang='lat' dir='ltr'><strong>denuo</strong></span> 
     </span>
     <span class='ocr_line' id='line_1_10' title="bbox 178 1536 1162 1626; baseline 0.004 -27"><span class='ocrx_word' id='word_1_59' title='bbox 178 1550 366 1602; x_wconf 77' lang='lat' dir='ltr'><strong>evanuerunt</strong></span> <span class='ocrx_word' id='word_1_60' title='bbox 386 1537 572 1618; x_wconf 81' lang='lat' dir='ltr'><strong>nonnullae,</strong></span> <span class='ocrx_word' id='word_1_61' title='bbox 593 1537 671 1603; x_wconf 86' lang='lat' dir='ltr'><strong>aliae</strong></span> <span class='ocrx_word' id='word_1_62' title='bbox 691 1537 784 1604; x_wconf 87' lang='lat' dir='ltr'><strong>etiam</strong></span> <span class='ocrx_word' id='word_1_63' title='bbox 805 1536 1040 1626; x_wconf 79' lang='lat' dir='ltr'><strong>superfuerunt,</strong></span> <span class='ocrx_word' id='word_1_64' title='bbox 1057 1536 1162 1603; x_wconf 84' lang='lat' dir='ltr'><strong>invitis</strong></span> 
     </span>
     <span class='ocr_line' id='line_1_11' title="bbox 176 1656 1232 1748; baseline 0.003 -26"><span class='ocrx_word' id='word_1_65' title='bbox 176 1657 415 1748; x_wconf 82' lang='lat' dir='ltr'><strong>quibuscunque</strong></span> <span class='ocrx_word' id='word_1_66' title='bbox 432 1659 665 1736; x_wconf 72' lang='lat' dir='ltr'><strong>vexationibus,</strong></span> <span class='ocrx_word' id='word_1_67' title='bbox 691 1656 885 1737; x_wconf 89' lang='lat' dir='ltr'><strong>diutissime,</strong></span> <span class='ocrx_word' id='word_1_68' title='bbox 905 1657 1053 1747; x_wconf 88' lang='lat' dir='ltr'><strong>permulti</strong></span> <span class='ocrx_word' id='word_1_69' title='bbox 1073 1658 1160 1725; x_wconf 83' lang='lat' dir='ltr'><strong>inve·</strong></span> <span class='ocrx_word' id='word_1_70' title='bbox 1224 1687 1232 1703; x_wconf 94' lang='lat'><strong>.</strong></span> 
     </span>
     <span class='ocr_line' id='line_1_12' title="bbox 176 1777 1163 1869; baseline -0.001 -24"><span class='ocrx_word' id='word_1_71' title='bbox 176 1778 342 1868; x_wconf 63' lang='lat' dir='ltr'><strong>ridebantur</strong></span> <span class='ocrx_word' id='word_1_72' title='bbox 362 1777 521 1860; x_wconf 88' lang='lat' dir='ltr'><strong>homines,</strong></span> <span class='ocrx_word' id='word_1_73' title='bbox 543 1780 597 1869; x_wconf 90' lang='lat' dir='ltr'><strong>qui</strong></span> <span class='ocrx_word' id='word_1_74' title='bbox 616 1780 730 1846; x_wconf 89' lang='lat' dir='ltr'><strong>mentis</strong></span> <span class='ocrx_word' id='word_1_75' title='bbox 747 1780 878 1846; x_wconf 89' lang='lat' dir='ltr'><strong>sanitate</strong></span> <span class='ocrx_word' id='word_1_76' title='bbox 893 1802 1005 1868; x_wconf 90' lang='lat' dir='ltr'><strong>parum</strong></span> <span class='ocrx_word' id='word_1_77' title='bbox 1026 1803 1057 1846; x_wconf 85' lang='lat' dir='ltr'><strong>se</strong></span> <span class='ocrx_word' id='word_1_78' title='bbox 1075 1801 1163 1847; x_wconf 90' lang='lat' dir='ltr'><strong>com·</strong></span> 
     </span>
     <span class='ocr_line' id='line_1_13' title="bbox 176 1900 1161 1990; baseline 0.001 -25"><span class='ocrx_word' id='word_1_79' title='bbox 176 1900 360 1966; x_wconf 84' lang='lat' dir='ltr'><strong>mendarent</strong></span> <span class='ocrx_word' id='word_1_80' title='bbox 380 1912 411 1967; x_wconf 87' lang='lat' dir='ltr'><strong>et</strong></span> <span class='ocrx_word' id='word_1_81' title='bbox 430 1902 570 1990; x_wconf 90' lang='lat' dir='ltr'><strong>pessimis</strong></span> <span class='ocrx_word' id='word_1_82' title='bbox 590 1914 689 1968; x_wconf 89' lang='lat' dir='ltr'><strong>essent</strong></span> <span class='ocrx_word' id='word_1_83' title='bbox 707 1902 857 1969; x_wconf 87' lang='lat' dir='ltr'><strong>moribus.</strong></span> <span class='ocrx_word' id='word_1_84' title='bbox 891 1901 939 1968; x_wconf 90' lang='lat' dir='ltr'><strong>Ne</strong></span> <span class='ocrx_word' id='word_1_85' title='bbox 959 1902 1053 1990; x_wconf 88' lang='lat' dir='ltr'><strong>igitur</strong></span> <span class='ocrx_word' id='word_1_86' title='bbox 1069 1901 1161 1967; x_wconf 89' lang='lat' dir='ltr'><strong>dica·</strong></span> 
     </span>
     <span class='ocr_line' id='line_1_14' title="bbox 174 2019 1160 2109; baseline 0.003 -25"><span class='ocrx_word' id='word_1_87' title='bbox 174 2042 243 2086; x_wconf 91' lang='lat' dir='ltr'><strong>mus</strong></span> <span class='ocrx_word' id='word_1_88' title='bbox 267 2019 306 2086; x_wconf 93' lang='lat' dir='ltr'><strong>de</strong></span> <span class='ocrx_word' id='word_1_89' title='bbox 326 2022 474 2108; x_wconf 85' lang='lat' dir='ltr'><strong>Beguinis</strong></span> <span class='ocrx_word' id='word_1_90' title='bbox 495 2035 526 2086; x_wconf 88' lang='lat' dir='ltr'><strong>et</strong></span> <span class='ocrx_word' id='word_1_91' title='bbox 545 2020 741 2109; x_wconf 87' lang='lat' dir='ltr'><strong>Beghardis,</strong></span> <span class='ocrx_word' id='word_1_92' title='bbox 762 2034 815 2084; x_wconf 89' lang='lat' dir='ltr'><strong>aut</strong></span> <span class='ocrx_word' id='word_1_93' title='bbox 836 2020 997 2086; x_wconf 72' lang='lat' dir='ltr'><strong>Fratribus</strong></span> <span class='ocrx_word' id='word_1_94' title='bbox 1016 2032 1047 2084; x_wconf 91' lang='lat' dir='ltr'><strong>et</strong></span> <span class='ocrx_word' id='word_1_95' title='bbox 1065 2021 1160 2089; x_wconf 87' lang='lat' dir='ltr'><strong>Soro-</strong></span> 
     </span>
     <span class='ocr_line' id='line_1_15' title="bbox 172 2137 1159 2225; baseline 0.009 -24"><span class='ocrx_word' id='word_1_96' title='bbox 172 2139 258 2204; x_wconf 90' lang='lat' dir='ltr'><strong>ribus</strong></span> <span class='ocrx_word' id='word_1_97' title='bbox 276 2139 369 2205; x_wconf 87' lang='lat' dir='ltr'><strong>liberi</strong></span> <span class='ocrx_word' id='word_1_98' title='bbox 388 2139 523 2225; x_wconf 86' lang='lat' dir='ltr'><strong>Spiritus</strong></span> <span class='ocrx_word' id='word_1_99' title='bbox 535 2147 568 2217; x_wconf 90' lang='lat'><strong>¹,</strong></span> <span class='ocrx_word' id='word_1_100' title='bbox 589 2137 728 2200; x_wconf 88' lang='lat' dir='ltr'><strong>animum</strong></span> <span class='ocrx_word' id='word_1_101' title='bbox 747 2137 850 2225; x_wconf 88' lang='lat' dir='ltr'><strong>potius</strong></span> <span class='ocrx_word' id='word_1_102' title='bbox 867 2159 950 2204; x_wconf 91' lang='lat' dir='ltr'><strong>nuno</strong></span> <span class='ocrx_word' id='word_1_103' title='bbox 965 2139 1159 2210; x_wconf 87' lang='lat' dir='ltr'><strong>attendamus</strong></span> 
     </span>
     <span class='ocr_line' id='line_1_16' title="bbox 175 2245 1225 2352; baseline 0.009 -30"><span class='ocrx_word' id='word_1_104' title='bbox 175 2245 221 2322; x_wconf 72' lang='lat' dir='ltr'><strong>ad&#39;</strong></span> <span class='ocrx_word' id='word_1_105' title='bbox 234 2278 413 2346; x_wconf 77' lang='lat' dir='ltr'><strong>generosam</strong></span> <span class='ocrx_word' id='word_1_106' title='bbox 432 2257 518 2322; x_wconf 92' lang='lat' dir='ltr'><strong>illam</strong></span> <span class='ocrx_word' id='word_1_107' title='bbox 539 2255 788 2325; x_wconf 83' lang='lat' dir='ltr'><strong>Christianorum</strong></span> <span class='ocrx_word' id='word_1_108' title='bbox 806 2258 977 2340; x_wconf 89' lang='lat' dir='ltr'><strong>familiam,</strong></span> <span class='ocrx_word' id='word_1_109' title='bbox 995 2284 1075 2350; x_wconf 87' lang='lat' dir='ltr'><strong>quae</strong></span> <span class='ocrx_word' id='word_1_110' title='bbox 1089 2277 1159 2352; x_wconf 86' lang='lat' dir='ltr'><strong>post</strong></span> <span class='ocrx_word' id='word_1_111' title='bbox 1223 2339 1225 2343; x_wconf 68' lang='lat'><strong>,</strong></span> 
     </span>
     <span class='ocr_line' id='line_1_17' title="bbox 172 2377 1157 2467; baseline 0.008 -25"><span class='ocrx_word' id='word_1_112' title='bbox 172 2377 310 2443; x_wconf 88' lang='lat' dir='ltr'><strong>medium</strong></span> <span class='ocrx_word' id='word_1_113' title='bbox 330 2379 488 2444; x_wconf 87' lang='lat' dir='ltr'><strong>saeculum</strong></span> <span class='ocrx_word' id='word_1_114' title='bbox 509 2378 571 2444; x_wconf 84' lang='lat' dir='ltr'><strong>XII</strong></span> <span class='ocrx_word' id='word_1_115' title='bbox 588 2378 706 2467; x_wconf 88' lang='lat' dir='ltr'><strong>prodiit</strong></span> <span class='ocrx_word' id='word_1_116' title='bbox 719 2379 751 2444; x_wconf 93' lang='lat' dir='ltr'><strong>in</strong></span> <span class='ocrx_word' id='word_1_117' title='bbox 761 2378 886 2467; x_wconf 77' lang='lat' dir='ltr'><strong>Europd</strong></span> <span class='ocrx_word' id='word_1_118' title='bbox 895 2379 1093 2447; x_wconf 88' lang='lat' dir='ltr'><strong>meridionali</strong></span> <span class='ocrx_word' id='word_1_119' title='bbox 1104 2397 1157 2464; x_wconf 84' lang='lat' dir='ltr'><strong>,et</strong></span> 
     </span>
     <span class='ocr_line' id='line_1_18' title="bbox 171 2497 1155 2580; baseline 0.009 -17"><span class='ocrx_word' id='word_1_120' title='bbox 171 2500 304 2580; x_wconf 88' lang='lat' dir='ltr'><strong>merito,</strong></span> <span class='ocrx_word' id='word_1_121' title='bbox 334 2497 375 2564; x_wconf 91' lang='lat' dir='ltr'><strong>ad</strong></span> <span class='ocrx_word' id='word_1_122' title='bbox 402 2499 655 2564; x_wconf 84' lang='lat' dir='ltr'><strong>reformationem</strong></span> <span class='ocrx_word' id='word_1_123' title='bbox 683 2499 765 2563; x_wconf 84' lang='lat' dir='ltr'><strong>riam</strong></span> <span class='ocrx_word' id='word_1_124' title='bbox 793 2499 981 2579; x_wconf 85' lang='lat' dir='ltr'><strong>munivisse,</strong></span> <span class='ocrx_word' id='word_1_125' title='bbox 1001 2514 1155 2573; x_wconf 85' lang='lat' dir='ltr'><strong>censetur.</strong></span> 
     </span>
     <span class='ocr_line' id='line_1_19' title="bbox 173 2606 1155 2716; baseline 0.003 -29"><span class='ocrx_word' id='word_1_126' title='bbox 173 2619 284 2687; x_wconf 83' lang='lat' dir='ltr'><strong>Sensni</strong></span> <span class='ocrx_word' id='word_1_127' title='bbox 313 2606 475 2708; x_wconf 66' lang='lat' dir='ltr'><strong>religioso,</strong></span> <span class='ocrx_word' id='word_1_128' title='bbox 492 2642 567 2707; x_wconf 45' lang='lat' dir='ltr'><strong>,quo</strong></span> <span class='ocrx_word' id='word_1_129' title='bbox 596 2618 631 2682; x_wconf 91' lang='lat' dir='ltr'><strong>hi</strong></span> <span class='ocrx_word' id='word_1_130' title='bbox 649 2618 821 2706; x_wconf 89' lang='lat' dir='ltr'><strong>flagrabant</strong></span> <span class='ocrx_word' id='word_1_131' title='bbox 848 2616 1008 2702; x_wconf 90' lang='lat' dir='ltr'><strong>homines,</strong></span> <span class='ocrx_word' id='word_1_132' title='bbox 1037 2645 1155 2716; x_wconf 91' lang='lat' dir='ltr'><strong>nequa·</strong></span> 
     </span>
     <span class='ocr_line' id='line_1_20' title="bbox 168 2737 1152 2829; baseline 0.006 -24"><span class='ocrx_word' id='word_1_133' title='bbox 168 2763 261 2829; x_wconf 91' lang='lat' dir='ltr'><strong>quam</strong></span> <span class='ocrx_word' id='word_1_134' title='bbox 291 2739 465 2805; x_wconf 83' lang='lat' dir='ltr'><strong>satisfacere</strong></span> <span class='ocrx_word' id='word_1_135' title='bbox 497 2750 639 2829; x_wconf 86' lang='lat' dir='ltr'><strong>poterant</strong></span> <span class='ocrx_word' id='word_1_136' title='bbox 656 2737 799 2828; x_wconf 80' lang='lat' dir='ltr'><strong>dogmata</strong></span> <span class='ocrx_word' id='word_1_137' title='bbox 815 2741 847 2805; x_wconf 91' lang='lat' dir='ltr'><strong>in</strong></span> <span class='ocrx_word' id='word_1_138' title='bbox 865 2741 1004 2808; x_wconf 80' lang='lat' dir='ltr'><strong>Ecclesii</strong></span> <span class='ocrx_word' id='word_1_139' title='bbox 1018 2745 1152 2825; x_wconf 85' lang='lat' dir='ltr'><strong>sterilia,</strong></span> 
     </span>
     <span class='ocr_line' id='line_1_21' title="bbox 90 2859 1154 2954; baseline 0.008 -30"><span class='ocrx_word' id='word_1_140' title='bbox 90 2933 96 2941; x_wconf 28' lang='lat'>⁸</span> <span class='ocrx_word' id='word_1_141' title='bbox 167 2861 216 2927; x_wconf 82' lang='lat' dir='ltr'><strong>rel</strong></span> <span class='ocrx_word' id='word_1_142' title='bbox 243 2860 337 2926; x_wconf 89' lang='lat' dir='ltr'><strong>fastus</strong></span> <span class='ocrx_word' id='word_1_143' title='bbox 362 2859 481 2939; x_wconf 88' lang='lat' dir='ltr'><strong>inanis,</strong></span> <span class='ocrx_word' id='word_1_144' title='bbox 505 2859 647 2926; x_wconf 86' lang='lat' dir='ltr'><strong>infinitae</strong></span> <span class='ocrx_word' id='word_1_145' title='bbox 674 2861 899 2941; x_wconf 89' lang='lat' dir='ltr'><strong>caerimoniae,</strong></span> <span class='ocrx_word' id='word_1_146' title='bbox 930 2866 1154 2954; x_wconf 82' lang='lat' dir='ltr'><strong>ressopersti·</strong></span> 
     </span>
     <span class='ocr_line' id='line_1_22' title="bbox 155 2979 1152 3073; baseline 0.006 -25"><span class='ocrx_word' id='word_1_147' title='bbox 155 2981 274 3050; x_wconf 71' lang='lat' dir='ltr'><strong>tiosae.</strong></span> <span class='ocrx_word' id='word_1_148' title='bbox 333 2981 386 3048; x_wconf 92' lang='lat' dir='ltr'><strong>Nil</strong></span> <span class='ocrx_word' id='word_1_149' title='bbox 414 2982 512 3045; x_wconf 86' lang='lat' dir='ltr'><strong>inesse</strong></span> <span class='ocrx_word' id='word_1_150' title='bbox 538 2979 586 3046; x_wconf 88' lang='lat' dir='ltr'><strong>his</strong></span> <span class='ocrx_word' id='word_1_151' title='bbox 611 2982 755 3048; x_wconf 87' lang='lat' dir='ltr'><strong>omnibus</strong></span> <span class='ocrx_word' id='word_1_152' title='bbox 783 2985 936 3073; x_wconf 90' lang='lat' dir='ltr'><strong>putabant</strong></span> <span class='ocrx_word' id='word_1_153' title='bbox 963 2985 1152 3069; x_wconf 72' lang='lat' dir='ltr'><strong>Valdeuses,</strong></span> 
     </span>
     <span class='ocr_line' id='line_1_23' title="bbox 168 3088 1152 3199; baseline 0.006 -31"><span class='ocrx_word' id='word_1_154' title='bbox 168 3125 230 3192; x_wconf 91' lang='lat' dir='ltr'><strong>quo</strong></span> <span class='ocrx_word' id='word_1_155' title='bbox 250 3100 468 3167; x_wconf 87' lang='lat' dir='ltr'><strong>emendaretur</strong></span> <span class='ocrx_word' id='word_1_156' title='bbox 487 3099 593 3169; x_wconf 92' lang='lat' dir='ltr'><strong>homo.</strong></span> <span class='ocrx_word' id='word_1_157' title='bbox 629 3103 801 3199; x_wconf 84' lang='lat' dir='ltr'><strong>Ecclesiam</strong></span> <span class='ocrx_word' id='word_1_158' title='bbox 818 3088 992 3172; x_wconf 71' lang='lat' dir='ltr'><strong>Romanam</strong></span> <span class='ocrx_word' id='word_1_159' title='bbox 1008 3129 1071 3174; x_wconf 92' lang='lat' dir='ltr'><strong>non</strong></span> <span class='ocrx_word' id='word_1_160' title='bbox 1088 3130 1152 3174; x_wconf 89' lang='lat' dir='ltr'><strong>esse</strong></span> 
     </span>
     <span class='ocr_line' id='line_1_24' title="bbox 167 3217 1151 3301; baseline 0.007 -14"><span class='ocrx_word' id='word_1_161' title='bbox 167 3222 385 3301; x_wconf 80' lang='lat' dir='ltr'><strong>existimabant</strong></span> <span class='ocrx_word' id='word_1_162' title='bbox 413 3221 583 3286; x_wconf 86' lang='lat' dir='ltr'><strong>Ecclesiam</strong></span> <span class='ocrx_word' id='word_1_163' title='bbox 613 3217 741 3291; x_wconf 78' lang='lat' dir='ltr'><strong>Christi.</strong></span> <span class='ocrx_word' id='word_1_164' title='bbox 789 3223 1008 3291; x_wconf 88' lang='lat' dir='ltr'><strong>Hierarohiam</strong></span> <span class='ocrx_word' id='word_1_165' title='bbox 1033 3226 1151 3295; x_wconf 88' lang='lat' dir='ltr'><strong>idcirco</strong></span> 
     </span>
     <span class='ocr_line' id='line_1_25' title="bbox 167 3341 1152 3433; baseline 0.005 -23"><span class='ocrx_word' id='word_1_166' title='bbox 167 3355 418 3425; x_wconf 83' lang='lat' dir='ltr'><strong>contemserunt,</strong></span> <span class='ocrx_word' id='word_1_167' title='bbox 449 3356 543 3433; x_wconf 86' lang='lat' dir='ltr'><strong>atque</strong></span> <span class='ocrx_word' id='word_1_168' title='bbox 561 3341 829 3432; x_wconf 86' lang='lat' dir='ltr'><strong>reprehenderunt</strong></span> <span class='ocrx_word' id='word_1_169' title='bbox 848 3342 1069 3429; x_wconf 83' lang='lat' dir='ltr'><strong>vehementer,</strong></span> <span class='ocrx_word' id='word_1_170' title='bbox 1089 3349 1152 3415; x_wconf 90' lang='lat' dir='ltr'><strong>ole-</strong></span> 
     </span>
     <span class='ocr_line' id='line_1_26' title="bbox 164 3463 1150 3562; baseline 0.007 -32"><span class='ocrx_word' id='word_1_171' title='bbox 164 3466 238 3532; x_wconf 90' lang='lat' dir='ltr'><strong>riois</strong></span> <span class='ocrx_word' id='word_1_172' title='bbox 272 3465 421 3533; x_wconf 78' lang='lat' dir='ltr'><strong>divitibus</strong></span> <span class='ocrx_word' id='word_1_173' title='bbox 456 3479 487 3532; x_wconf 87' lang='lat' dir='ltr'><strong>et</strong></span> <span class='ocrx_word' id='word_1_174' title='bbox 520 3465 648 3562; x_wconf 82' lang='lat' dir='ltr'><strong>otiosam</strong></span> <span class='ocrx_word' id='word_1_175' title='bbox 676 3463 860 3556; x_wconf 77' lang='lat' dir='ltr'><strong>degentibus</strong></span> <span class='ocrx_word' id='word_1_176' title='bbox 889 3467 985 3533; x_wconf 82' lang='lat' dir='ltr'><strong>vitam</strong></span> <span class='ocrx_word' id='word_1_177' title='bbox 1015 3467 1150 3537; x_wconf 85' lang='lat' dir='ltr'><strong>decimas</strong></span> 
     </span>
    </p>
   </div>
   <div class='ocr_carea' id='block_1_3' title="bbox 68 3567 1150 3679">
    <p class='ocr_par' dir='ltr' id='par_1_4' title="bbox 68 3567 1150 3679">
     <span class='ocr_line' id='line_1_27' title="bbox 68 3567 1150 3679; baseline 0.009 -30"><span class='ocrx_word' id='word_1_178' title='bbox 68 3567 75 3578; x_wconf 58' lang='grc'><em>’</em></span> <span class='ocrx_word' id='word_1_179' title='bbox 161 3583 235 3651; x_wconf 70' lang='lat' dir='ltr'><strong>‹dari</strong></span> <span class='ocrx_word' id='word_1_180' title='bbox 246 3636 256 3668; x_wconf 95' lang='lat'><strong>,</strong></span> <span class='ocrx_word' id='word_1_181' title='bbox 281 3574 394 3678; x_wconf 82' lang='lat' dir='ltr'><strong>eosque</strong></span> <span class='ocrx_word' id='word_1_182' title='bbox 413 3586 489 3653; x_wconf 88' lang='lat' dir='ltr'><strong>eniti</strong></span> <span class='ocrx_word' id='word_1_183' title='bbox 500 3635 511 3668; x_wconf 90' lang='lat'><strong>,</strong></span> <span class='ocrx_word' id='word_1_184' title='bbox 536 3588 613 3655; x_wconf 89' lang='lat' dir='ltr'><strong>alter</strong></span> <span class='ocrx_word' id='word_1_185' title='bbox 636 3600 670 3654; x_wconf 92' lang='lat' dir='ltr'><strong>ut</strong></span> <span class='ocrx_word' id='word_1_186' title='bbox 689 3589 785 3654; x_wconf 90' lang='lat' dir='ltr'><strong>altero</strong></span> <span class='ocrx_word' id='word_1_187' title='bbox 804 3591 903 3679; x_wconf 81' lang='lat' dir='ltr'><strong>major</strong></span> <span class='ocrx_word' id='word_1_188' title='bbox 921 3602 1012 3659; x_wconf 88' lang='lat' dir='ltr'><strong>esset.</strong></span> <span class='ocrx_word' id='word_1_189' title='bbox 1052 3592 1150 3659; x_wconf 90' lang='lat' dir='ltr'><strong>Prae-</strong></span> 
     </span>
    </p>
   </div>
   <div class='ocr_carea' id='block_1_4' title="bbox 206 3746 507 3760">
    <p class='ocr_par' dir='ltr' id='par_1_5' title="bbox 206 3746 507 3760">
     <span class='ocr_line' id='line_1_28' title="bbox 206 3746 507 3760; baseline 0.01 -2"><span class='ocrx_word' id='word_1_190' title='bbox 206 3746 507 3760; x_wconf 58' lang='lat' dir='ltr'><strong>-t--u——ae--u-——utno</strong></span> 
     </span>
    </p>
   </div>
   <div class='ocr_carea' id='block_1_5' title="bbox 196 3828 1153 4148">
    <p class='ocr_par' dir='ltr' id='par_1_6' title="bbox 196 3828 1153 3982">
     <span class='ocr_line' id='line_1_29' title="bbox 196 3828 1151 3898; baseline 0.016 -23"><span class='ocrx_word' id='word_1_191' title='bbox 196 3828 205 3863; x_wconf 89' lang='lat'><strong>1</strong></span> <span class='ocrx_word' id='word_1_192' title='bbox 231 3828 270 3877; x_wconf 80' lang='lat' dir='ltr'><strong>Cf.</strong></span> <span class='ocrx_word' id='word_1_193' title='bbox 289 3829 419 3882; x_wconf 70' lang='lat' dir='ltr'><strong>Mosbeim.</strong></span> <span class='ocrx_word' id='word_1_194' title='bbox 441 3834 499 3885; x_wconf 83' lang='lat' dir='ltr'><strong>Vol.</strong></span> <span class='ocrx_word' id='word_1_195' title='bbox 518 3833 548 3883; x_wconf 85' lang='lat' dir='ltr'><strong>V.</strong></span> <span class='ocrx_word' id='word_1_196' title='bbox 569 3849 596 3898; x_wconf 92' lang='lat' dir='ltr'><strong>p.</strong></span> <span class='ocrx_word' id='word_1_197' title='bbox 610 3832 655 3880; x_wconf 83' lang='lat' dir='ltr'><strong>tol</strong></span> <span class='ocrx_word' id='word_1_198' title='bbox 669 3848 726 3896; x_wconf 85' lang='lat' dir='ltr'><strong>sqq.</strong></span> <span class='ocrx_word' id='word_1_199' title='bbox 745 3850 771 3898; x_wconf 89' lang='lat' dir='ltr'><strong>p.</strong></span> <span class='ocrx_word' id='word_1_200' title='bbox 781 3833 841 3884; x_wconf 79' lang='lat'><strong>221.</strong></span> <span class='ocrx_word' id='word_1_201' title='bbox 862 3859 894 3870; x_wconf 95' lang='lat'>-</span> <span class='ocrx_word' id='word_1_202' title='bbox 913 3833 1103 3886; x_wconf 64' lang='lat' dir='ltr'><strong>aresetenvol.</strong></span> <span class='ocrx_word' id='word_1_203' title='bbox 1115 3836 1151 3890; x_wconf 93' lang='lat' dir='ltr'><strong>Il.</strong></span> 
     </span>
     <span class='ocr_line' id='line_1_30' title="bbox 227 3911 1153 3982; baseline 0.013 -23"><span class='ocrx_word' id='word_1_204' title='bbox 227 3912 257 3960; x_wconf 79' lang='grc' dir='ltr'><strong>Ρ.</strong></span> <span class='ocrx_word' id='word_1_205' title='bbox 280 3911 316 3963; x_wconf 79' lang='grc' dir='ltr'><strong>Π.</strong></span> <span class='ocrx_word' id='word_1_206' title='bbox 337 3930 364 3978; x_wconf 92' lang='lat' dir='ltr'><strong>p.</strong></span> <span class='ocrx_word' id='word_1_207' title='bbox 384 3913 436 3967; x_wconf 79' lang='lat'><strong>370</strong></span> <span class='ocrx_word' id='word_1_208' title='bbox 454 3933 493 3979; x_wconf 81' lang='lat' dir='ltr'><strong>oq.</strong></span> <span class='ocrx_word' id='word_1_209' title='bbox 511 3931 537 3981; x_wconf 92' lang='lat' dir='ltr'><strong>p.</strong></span> <span class='ocrx_word' id='word_1_210' title='bbox 549 3916 600 3965; x_wconf 81' lang='lat'><strong>626</strong></span> <span class='ocrx_word' id='word_1_211' title='bbox 618 3931 676 3979; x_wconf 86' lang='lat' dir='ltr'><strong>sqq.</strong></span> <span class='ocrx_word' id='word_1_212' title='bbox 695 3943 727 3953; x_wconf 96' lang='lat'><em>-</em></span> <span class='ocrx_word' id='word_1_213' title='bbox 746 3917 873 3981; x_wconf 82' lang='lat' dir='ltr'><strong>Beguinae</strong></span> <span class='ocrx_word' id='word_1_214' title='bbox 892 3921 919 3971; x_wconf 81' lang='lat' dir='ltr'><strong>et</strong></span> <span class='ocrx_word' id='word_1_215' title='bbox 939 3919 1063 3982; x_wconf 79' lang='lat' dir='ltr'><strong>Beghardi</strong></span> <span class='ocrx_word' id='word_1_216' title='bbox 1082 3924 1153 3972; x_wconf 80' lang='lat' dir='ltr'><strong>arcte</strong></span> 
     </span>
    </p>

    <p class='ocr_par' dir='ltr' id='par_1_7' title="bbox 207 3995 1152 4148">
     <span class='ocr_line' id='line_1_31' title="bbox 207 3995 1152 4072; baseline 0.018 -31"><span class='ocrx_word' id='word_1_217' title='bbox 207 3995 310 4067; x_wconf 16' lang='lat' dir='ltr'><strong>A-junoli</strong></span> <span class='ocrx_word' id='word_1_218' title='bbox 327 3997 404 4047; x_wconf 79' lang='lat' dir='ltr'><strong>fuisse</strong></span> <span class='ocrx_word' id='word_1_219' title='bbox 420 3999 538 4050; x_wconf 80' lang='lat' dir='ltr'><strong>videntur</strong></span> <span class='ocrx_word' id='word_1_220' title='bbox 559 4016 616 4050; x_wconf 88' lang='lat' dir='ltr'><strong>curn</strong></span> <span class='ocrx_word' id='word_1_221' title='bbox 635 4001 764 4051; x_wconf 82' lang='lat' dir='ltr'><strong>Tertioriis</strong></span> <span class='ocrx_word' id='word_1_222' title='bbox 779 4003 1020 4070; x_wconf 68' lang='lat' dir='ltr'><strong>Frauoiooanorump</strong></span> <span class='ocrx_word' id='word_1_223' title='bbox 1039 4007 1152 4072; x_wconf 83' lang='lat' dir='ltr'><strong>reperie-</strong></span> 
     </span>
     <span class='ocr_line' id='line_1_32' title="bbox 226 4077 948 4148; baseline 0.019 -23"><span class='ocrx_word' id='word_1_224' title='bbox 226 4077 320 4130; x_wconf 82' lang='lat' dir='ltr'><strong>bantur</strong></span> <span class='ocrx_word' id='word_1_225' title='bbox 334 4081 438 4133; x_wconf 81' lang='lat' dir='ltr'><strong>maxime</strong></span> <span class='ocrx_word' id='word_1_226' title='bbox 454 4083 481 4132; x_wconf 86' lang='lat' dir='ltr'><strong>in</strong></span> <span class='ocrx_word' id='word_1_227' title='bbox 498 4085 586 4148; x_wconf 78' lang='lat' dir='ltr'><strong>lielgio</strong></span> <span class='ocrx_word' id='word_1_228' title='bbox 604 4087 630 4135; x_wconf 85' lang='lat' dir='ltr'><strong>et</strong></span> <span class='ocrx_word' id='word_1_229' title='bbox 645 4085 791 4148; x_wconf 78' lang='lat' dir='ltr'><strong>regionibus</strong></span> <span class='ocrx_word' id='word_1_230' title='bbox 810 4086 948 4139; x_wconf 72' lang='lat' dir='ltr'><strong>Rhenanis.</strong></span> 
     </span>
    </p>
   </div>
   <div class='ocr_carea' id='block_1_6' title="bbox 0 0 1298 4718">
    <p class='ocr_par' dir='ltr' id='par_1_8' title="bbox 0 0 1298 4718">
     <span class='ocr_line' id='line_1_33' title="bbox 0 0 1298 4718; baseline 0 6"><span class='ocrx_word' id='word_1_231' title='bbox 0 0 1298 4718; x_wconf 95' lang='lat' dir='ltr'><strong> </strong></span> 
     </span>
    </p>
   </div>
  </div>
 </body>
</html>
