2586 4718
614 336 672 398 191

153 558 267 624 irretiri
288 573 397 620 senon
417 550 635 641 patiebantur,
655 544 744 612 raldo
763 545 1023 614 adhaerescebont
1038 547 1077 614 nd
1092 550 1130 616 li·

152 678 289 744 beralem
299 673 379 739 illius
390 670 568 762 professoris
579 669 787 760 disciplinam.
804 667 965 759 Agedum,
975 668 1132 760 paulohio
1181 750 1191 772 .

151 797 371 874 subsistamus,
392 804 426 857 ut
435 790 597 881 primarios
608 840 626 874 ,‚
641 814 716 881 quos
725 791 758 855 iu
768 789 827 856 hac
836 791 1046 858 Universitate
1056 804 1131 857 tunc

149 918 260 986 habuit
278 913 455 993 Wicliffus,
476 911 573 978 socios
592 925 623 978 et
640 910 806 1002 discipulos
824 934 1008 1002 cognoscere
1022 913 1130 982 liceat.

198 1157 406 1225 Cancellarius
423 1117 608 1224 Girilielmus
622 1156 775 1222 Bertouus
783 1202 795 1237 ,
811 1154 867 1245 qui
883 1177 963 1222 anno
974 1157 1132 1246 superiore

152 1302 183 1347 se
196 1290 381 1376 opposuerat
395 1276 557 1359 Wicliffo,
578 1289 684 1367 postea
704 1288 735 1342 et
755 1274 851 1357 huic,
870 1288 903 1342 et
921 1290 1132 1366 propugnato·

152 1401 239 1468 ribus
258 1402 324 1488 ejus
330 1446 341 1478 ,
360 1396 522 1464 indulsisse
539 1397 675 1468 ridetur.
698 1398 767 1464 Hoc
784 1410 888 1464 autem
905 1418 987 1461 anno
1003 1395 1134 1485 (1382),

152 1535 281 1589 ereuute
308 1541 415 1586 mense
433 1520 531 1610 Maji,
551 1541 649 1610 quum
671 1518 823 1610 dignitate
843 1541 875 1585 se
893 1517 1075 1600 abdicaret,
1101 1519 1134 1583 iu

152 1644 254 1709 locum
283 1644 349 1732 ejus
378 1639 591 1708 sufficiebatur
616 1641 772 1706 Robertus
790 1639 940 1730 lliggius,
959 1638 1135 1729 theologiae

152 1763 260 1830 doctor
289 1784 307 1828 e
328 1732 466 1851 Collegio
492 1763 704 1842 Mertonensi,
728 1761 784 1851 qui
795 1809 806 1844 ,
826 1762 873 1827 uti
891 1774 923 1828 et
942 1761 1036 1826 ambo
1053 1762 1135 1826 Pro-

148 1897 330 1966 curatores,
361 1883 439 1953 Joh.
472 1883 691 1949 Huntmannus
720 1894 751 1947 et
780 1879 946 1951 Gualterus
971 1881 1091 1947 Dissius
1109 1905 1135 1951 s.

150 2003 305 2084 ltashius,
330 2004 452 2094 placitis
470 2001 605 2069 Wicl'rffi
623 2002 747 2065 favebat
759 2010 787 2069 ¹.
820 2001 904 2067 Prae.
916 2000 1046 2067 caeteris
1061 2023 1134 2068 vero

152 2125 353 2191 innotuerunt
384 2122 439 2188 alii
466 2119 607 2186 doctores
635 2120 843 2201 Oromenus,
873 2142 946 2188 cum
973 2120 1134 2189 doctrinae
1216 2121 1221 2141 '

154 2243 335 2331 ingeniique
364 2243 571 2332 praestantii,
600 2255 668 2309 tum
697 2241 794 2306 animi
811 2243 941 2332 pietate.
989 2243 1135 2312 Nicolaus
1191 2224 1196 2231 Ι

153 2362 378 2443 Herelordius,
407 2384 502 2453 quem
520 2362 598 2429 alibi
612 2365 679 2451 jam
699 2362 948 2429 nominavimus²
958 2410 970 2444 ,
989 2364 1133 2431 eximiam

152 2505 273 2574 semper
300 2482 341 2549 de
368 2506 400 2550 se
426 2483 580 2550 excitabat
600 2485 727 2574 pietatis
745 2483 941 2573 opinionem.
984 2483 1133 2570 Quodad

153 2607 269 2697 placita
287 2607 351 2696 ejus
367 2605 498 2685 attinet,
518 2605 669 2671 serviliter
687 2605 822 2671 Wicliffi
837 2607 1054 2673 auctoritatem
1070 2631 1133 2675 non

154 2718 361 2817 sequebatur:
397 2738 526 2806 contra,
558 2727 673 2808 multis
706 2747 777 2791 eum
805 2731 1000 2817 superavit,
1026 2730 1131 2820 inquit

151 2846 325 2930 Woodius,
364 2867 404 2912 eu
430 2849 467 2910 in
493 2847 699 2913 concionibus
719 2849 933 2940 publicisque
960 2855 1130 2918 enerm‘iiis

148 2967 367 3060 affirmando,
381 2951 466 3058 quae
479 2968 654 3058 affirmare
663 2991 829 3058 nunquam
839 2974 1046 3037 sustinuerat
1056 2974 1101 3037 ill
1118 3022 1129 3042 .

151 3090 254 3175 Quum
280 3111 409 3154 munere
433 3089 558 3154 Tutoris
577 3089 611 3151 iu
632 3087 771 3177 Collegio
790 3090 958 3179 Reginensi
977 3090 1130 3178 fungeba-

150 3223 223 3293 tur,
255 3230 459 3302 permagnum
488 3207 710 3298 discipulorum
740 3231 904 3276 numerum
927 3211 988 3276 sibi
1005 3233 1131 3304 compa·

108 3407 110 3412 Ι
152 3346 232 3397 rasse
251 3330 379 3402 dicitur.
425 3329 595 3398 ltlonaohos
614 3351 686 3395 vero
704 3328 918 3405 Mendicantes
937 3333 1129 3420 grauissimos

155 3466 296 3540 expertus
315 3466 361 3520 est
381 3451 524 3519 inimicos
544 3458 570 3521 ³.
617 3448 795 3518 iohannem
815 3449 1010 3535 Ashtonum,
1035 3453 1130 3521 theo-

50 3608 52 3612 4
156 3572 257 3661 logiae
284 3573 541 3653 baccalaureum,
565 3573 666 3640 virum
686 3572 812 3640 doctum
840 3588 871 3641 et
890 3574 986 3666 pium
999 3579 1010 3657 ,'
1034 3577 1130 3643 ober-

154 3714 224 3758 rare
252 3691 376 3759 solitum
403 3695 496 3761 fuisse
521 3716 578 3785 per
599 3696 697 3760 uarias
715 3696 875 3784 regiones,
899 3696 1033 3787 pedibus
1053 3720 1130 3764 eun·

153 3826 218 3880 tem
246 3835 282 3879 ac
311 3812 456 3878 baculum
474 3837 570 3880 manu
592 3816 766 3898 tenentem,
789 3817 895 3885 retulit
913 3817 1127 3910 Kngghtonus.

182 3979 192 4013 1
217 3976 319 4035 Wood,
340 3975 395 4044 111).
413 3978 459 4041 11,
477 3996 505 4047 p.
515 3951 572 4038 ι3199
589 3999 647 4047 sqq.
668 4009 699 4022 ·-·
719 3983 731 4018 ²
757 3983 852 4048 Supra,
871 4000 899 4048 p.
918 3983 960 4034 70.

184 4064 194 4099 ³
220 4062 274 4112 111).
293 4063 315 4115 1.
333 4077 360 4128 p.
382 4063 447 4125 1903
466 4066 519 4119 111).
538 4068 574 4122 ll.
593 4085 619 4135 p.
643 4067 702 4120 117.
720 4095 754 4129 ··.
772 4070 870 4121 llaleus.
893 4071 966 4120 (lent.
986 4070 1012 4122 6.
1034 4089 1060 4140 p.
1073 4070 1133 4123 502.
