2586 4718
713 329 732 386 2

236 535 356 606 ridetur
371 537 536 625 Gregorius
551 534 630 617 Vll,
648 535 804 602 Ecclesiae
819 541 854 601 in
870 542 982 628 capite
995 548 1027 604 et
1038 543 1210 637 membris,

114 718 117 725 Δ
234 652 328 748 quam
345 669 454 724 vocant
463 705 474 737 ,
491 656 535 721 ita
553 668 588 721 ut
605 656 844 723 emendarentur
860 680 960 725 mores
978 672 1008 725 et
1022 661 1102 728 ratio
1117 665 1212 733 totius

239 770 344 877 Cleri,
364 779 438 844 vitia
457 777 531 843 item
542 790 574 843 et
592 778 720 857 abusus,
742 777 794 867 qui
815 778 1210 866 quoclesiaerstiterant3

234 898 408 988 cujusmodi
433 899 608 964 Ecclesiae
630 906 667 963 z'rr
691 900 850 965 Ecclesia
875 903 1072 991 rq‘ormotio
1084 907 1213 996 saepius

235 1017 381 1108 deinceps
396 1018 456 1084 fuit
474 1016 646 1084 desiderata
666 1031 697 1084 et
714 1020 886 1110 proposita:
907 1044 1009 1112 neque
1028 1024 1122 1089 etiam
1143 1038 1213 1091 tan-

235 1153 301 1207 tum
326 1138 572 1206 emendationem
597 1131 774 1210 sacrorum?
807 1140 859 1207 sed
878 1145 976 1231 majus
996 1142 1121 1232 quidet
1140 1145 1213 1217 effi-

235 1260 338 1326 cacius
358 1271 552 1350 spectarunt,
575 1260 659 1350 quod
679 1261 826 1342 assecuti,
850 1261 902 1326 illa
925 1263 1047 1329 facilius
1066 1265 1212 1330 emenda-

233 1384 296 1450 turi
314 1395 424 1452 essent.
458 1379 620 1448 Attinehat
635 1380 669 1446 id
684 1393 748 1447 tam
764 1380 805 1446 ad
814 1382 960 1464 clericos,
971 1385 1026 1472 qui
1035 1399 1211 1474 arroganter

183 1494 185 1499 ¹
233 1526 265 1570 se
281 1503 450 1569 Ecclesiam
467 1523 530 1568 esse
546 1501 606 1567 sihi
616 1516 847 1591 persuaserant,
863 1524 958 1591 quam
968 1502 1008 1568 ad
1018 1504 1098 1594 ipsos
1107 1506 1212 1576 laicos.

224 1680 230 1689 .
278 1623 410 1691 Scilicet
424 1621 633 1699 abhorrebant
652 1622 691 1687 ab
709 1622 766 1688 iste
784 1622 938 1709 Ecclesisl,
953 1646 1032 1713 quae
1049 1625 1108 1691 rite
1123 1626 1212 1692 Pou-

231 1743 339 1831 te'ficr'a
351 1742 415 1808 dici
434 1743 521 1810 solet.
542 1740 692 1831 llle,'qui
703 1739 819 1808 Christi
828 1765 860 1808 se
869 1765 932 1809 esse
940 1744 1092 1809 ricarium
1101 1746 1213 1834 gloria·

230 1865 323 1931 batur
329 1911 341 1942 ,
353 1860 513 1929 Christum
523 1884 559 1927 er
569 1863 604 1928 ei
619 1863 684 1927 fere
694 1860 880 1933 detruserat:
895 1863 1024 1931 sedebat
1033 1864 1098 1931 illic
1107 1866 1213 1932 Ponti-

229 1985 279 2052 fex
293 1986 451 2051 Romanus
469 1995 616 2073 tanquam
627 1979 762 2049 summus
771 1983 925 2073 legislator
931 2034 946 2079 ,
956 2007 1091 2052 summus
1096 1983 1209 2074 judc13

77 2110 78 2114 ’
193 2180 195 2185 ,
232 2119 284 2186 et,
307 2124 485 2196 quanquam
507 2125 628 2170 serrum
659 2124 814 2170 servorum
839 2106 898 2173 Ilei
922 2129 953 2174 se
983 2105 1120 2184 diceret,
1149 2117 1214 2170 tam

154 2288 158 2293 .
227 2225 361 2318 superbe
376 2249 407 2295 sc
422 2225 567 2316 gerebat,
578 2237 613 2291 ut
622 2224 715 2291 totius
725 2227 846 2314 generis
856 2224 986 2292 humani
996 2223 1213 2294 essedominus

226 2347 397 2417 rideretur.
426 2345 478 2416 dd
498 2369 588 2415 suum
603 2347 768 2420 arbitrium
785 2346 981 2414 condonabat
995 2359 1123 2436 peccata
1133 2395 1144 2427 ,
1163 2349 1212 2414 vel

228 2468 414 2551 damnabat,
443 2469 686 2564 salute'ueternd
714 2470 828 2537 beabat
845 2466 1005 2546 homines,
1025 2467 1073 2533 vel
1094 2470 1211 2557 sempi-

73 2610 76 2617 ’
157 2601 159 2605 ·
227 2595 347 2650 ternam
367 2581 405 2649 iis
423 2582 602 2651 minabatur
620 2583 792 2652 miseriam.
821 2579 1019 2677 Iliplomata,
1035 2602 1115 2667 quae
1130 2577 1212 2647 hanc

225 2717 425 2799 peccatorum
448 2705 659 2797 remissionem
683 2714 889 2787 aeternaeque
915 2697 1020 2765 salutis
1039 2702 1211 2789 praemium

226 2824 451 2903 concederent,
477 2826 579 2915 Papa,
593 2824 627 2893 id
645 2820 793 2910 temporis
809 2815 982 2904 imprimis,
993 2818 1093 2886 ubivis
1103 2821 1169 2886 fere
1179 2821 1211 2886 in

227 2947 353 3037 Europa
369 2948 487 3013 summi
504 2942 696 3034 impudentis
715 2933 911 3004 divendende
928 2939 1070 3010 curabat.
1094 2941 1213 3010 Nefan-

217 3067 286 3138 dce
294 3066 369 3136 huie
380 3066 536 3159 impietati
547 3063 782 3139 reformatores,
792 3057 908 3124 imbuti
918 3078 1063 3148 generoso
1074 3061 1210 3152 quodem

226 3206 316 3267 sensu
335 3190 478 3279 religioso
493 3198 526 3251 et
540 3181 668 3260 moreli,
684 3179 807 3247 fortiter
818 3202 850 3247 se
861 3195 1091 3270 opposuerunt„
1104 3182 1212 3250 ΑΜ.

119 3321 121 3328 ’
210 3311 305 3380 ¹tiora
320 3311 510 3396 celsioraque
524 3301 736 3390 adspirantes,
751 3303 1008 3371 nullamsalutem
1020 3304 1132 3380 abisti
1142 3326 1212 3394 spo.

223 3433 335 3503 rabant
350 3426 490 3501 Ecclesia
506 3423 607 3497 seneli
616 3440 632 3505 ,'
647 3421 701 3489 sed
720 3443 875 3499 omncma
892 3423 989 3513 gratiis
1008 3423 1130 3503 divinc,
1148 3422 1210 3491 ho·

221 3553 359 3629 minibus
374 3566 431 3636 per
452 3541 806 3617 Christumdeclurati:
828 3569 890 3613 non
907 3547 1042 3638 propriis
1063 3547 1211 3614 suisme-

222 3671 311 3748 ritis,
336 3688 439 3755 neque
458 3666 590 3732 eliorum
611 3669 702 3734 bonis
723 3667 891 3757 operibus,
917 3689 996 3758 quae
1015 3666 1152 3734 Ecclesia
1173 3690 1208 3733 er

106 3866 110 3879 Ι
218 3809 354 3875 magno,
387 3811 481 3878 quem
506 3788 717 3881 repossidere
746 3786 940 3868 affirmabat,
965 3786 1109 3855 thesauro
1129 3790 1210 3854 inter

219 3907 360 3976 homines
380 3890 600 4000 dispertiebat,
612 3912 690 4000 justi
705 3908 790 4000 apud
801 3887 905 3977 'Deum
921 3907 1031 3982 baberi
1046 3908 1208 3984 volebant,

102 4041 104 4044 ’
219 4032 272 4100 sed
293 4034 384 4099 unice
403 4031 466 4098 fide
485 4033 561 4100 Jesu
582 4032 705 4099 Christo
725 4031 884 4100 habendi.
933 4026 1131 4120 Inquirentes
1149 4051 1209 4093 na·
1279 4095 1281 4098 Α

20 4106 142 4376 .
168 4268 172 4275 ,
