2586 4718
651 318 717 380 226

195 531 275 611 cite,
296 529 383 620 qui,
410 528 452 595 sb
478 528 564 596 omni
590 530 729 619 partium
763 528 868 597 studio
895 532 1035 613 alienus,
1070 535 1105 601 in
1135 558 1192 605 res

194 652 319 719 illorum
347 662 526 740 temporum
540 649 719 741 diiigenter
741 651 902 742 inquirere
935 655 1023 726 velit.
1074 656 1190 741 Nam,

193 793 274 863 quae
292 772 426 840 Wicliffi
442 786 474 840 et
489 771 706 840 Lollardorum
721 772 890 840 adversarii
913 776 997 844 circa
1011 776 1094 844 hanc
1112 802 1189 848 rem

191 895 412 974 effutiverunt,
431 896 516 961 omni
537 893 615 961 hacc
636 908 742 962 carent
761 896 987 987 probabilitate
997 912 1029 966 et
1039 900 1189 970 testimo·

189 1017 265 1097 oio,
288 1038 325 1082 ac
348 1016 452 1107 potius
472 1014 625 1093 censenda
643 1029 716 1084 sunt
734 1018 881 1108 propriae
900 1019 1026 1086 illorum
1043 1022 1185 1112 scripto·

190 1158 260 1202 rum
279 1136 443 1228 opiniones
454 1145 482 1207 ¹.
503 1136 538 1204 st
556 1158 664 1228 reapse
681 1139 730 1204 rel
748 1138 930 1217 Wicliffus,
949 1141 997 1206 rel
1007 1141 1085 1207 socii
1095 1145 1186 1232 ejus,

189 1259 385 1349 aliquatenus
412 1271 516 1325 motus
543 1259 704 1350 popularis
733 1260 850 1326 conscii
880 1260 1032 1343 fuissent,
1060 1262 1189 1332 mirum

187 1382 352 1472 profecto,
383 1379 416 1448 iu
444 1380 558 1448 horum
576 1393 743 1471 patronum
765 1394 859 1471 atque
877 1360 1034 1465 amicum,
1055 1383 1186 1452 Ducem

187 1504 406 1585 Lancastriae,
429 1504 495 1593 qui
508 1501 594 1593 apud
611 1501 721 1570 Scotos
739 1515 815 1569 tuno
834 1502 874 1569 ad
892 1504 1051 1592 negotium
1067 1507 1188 1596 publi·¹

187 1647 261 1691 cum
289 1602 444 1716 agendum
473 1624 581 1690 aberat
593 1673 604 1705 ,
633 1621 712 1690 adeo
740 1624 846 1691 furore
874 1636 1025 1692 aestuasse
1044 1628 1182 1718 vulgus,

185 1758 222 1814 ut
249 1746 451 1836 magnifieum
479 1748 545 1835 ejus
569 1745 722 1835 palatium
740 1744 877 1822 Londini
897 1745 1043 1814 incendio
1061 1746 1183 1831 deras-

184 1867 274 1937 tarit:
288 1868 405 1934 usuum
425 1877 487 1946 est,
509 1866 732 1946 tumultuatos,
751 1865 784 1930 in
805 1868 965 1934 communi
982 1867 1182 1958 reliquorum

164 1987 369 2060 ,clericorum
396 1986 637 2067 interfectione,
658 1985 819 2053 acerrimis
838 1986 974 2081 Wicliffi
992 1986 1182 2060 adversariis

181 2133 311 2201 parcere
345 2110 542 2201 propositum
565 2109 641 2199 sitsi
669 2108 836 2192 habuisse,
868 2108 953 2200 quod
981 2111 1179 2180 confessione

182 2203 345 2322 cujusdam
375 2253 411 2297 es
437 2228 570 2298 ducibus
599 2251 707 2298 eorum
733 2243 821 2321 patet
842 2241 870 2303 ².
928 2230 1047 2319 Quodsi
1075 2256 1178 2323 prae-

179 2368 227 2421 ter
255 2354 324 2420 ilios
351 2351 512 2419 seditionis
532 2352 745 2443 coryphaeos,
766 2373 901 2441 quorum
920 2352 1048 2421 nomina
1064 2351 1174 2423 histo-

175 2474 223 2540 ria
250 2473 405 2555 servarit,
436 2471 609 2541 exstiterint
637 2473 692 2539 alii
719 2472 847 2565 insuper
873 2474 991 2564 populo
1019 2473 1173 2544 frementi

176 2617 312 2663 suasores
348 2607 573 2685 auctoresque,
596 2594 715 2685 potius
727 2641 737 2676 ,
774 2593 1009 2685 Walsinghami
1044 2609 1172 2664 secutus

205 2802 215 2838 ¹
237 2799 497 2856 Animadvertendum
518 2802 575 2856 est,
597 2795 787 2851 Froiasartnm,
811 2797 882 2847 hunc
901 2799 1093 2849 describentem
1114 2815 1174 2849 mo-

239 2895 294 2935 tum
312 2885 338 2933 in
358 2884 452 2948 Anglii
466 2881 633 2949 popularem,
653 2895 704 2929 nec
720 2879 846 2941 wicliffi,
866 2900 952 2947 neque
971 2885 1121 2949 alicujusex
1132 2900 1178 2934 so-

240 2972 287 3022 ciis
313 2972 389 3036 ejus,
412 2981 622 3018 commemorasse
647 2981 758 3029 nomen;
786 2967 863 3032 cujus
886 2968 1019 3018 silentium
1030 2958 1180 3034 'propterea

238 3053 308 3105 haud
327 3053 398 3120 parsi
416 3066 471 3100 esse
491 3051 615 3099 momenti
630 3048 716 3109 duco,
732 3051 889 3114 quiaeodem
900 3054 962 3114 itte,
977 3055 1177 3117 atqueWiclif·

239 3142 296 3202 ius,
315 3139 419 3190 saeculo
436 3135 527 3185 floruit
540 3133 628 3195 (natus
644 3136 804 3187 Velentianis
818 3138 889 3188 circa
904 3154 998 3188 annum
1017 3138 1114 3205 1333),
1127 3145 1175 3201 et,

236 3227 346 3278 multum
367 3222 563 3289 peregrinatus,
590 3226 621 3271 ut
635 3222 746 3285 posteris
760 3223 915 3291 verissimam
935 3234 1020 3273 rerum
1037 3224 1089 3273 hcc
1105 3239 1174 3275 sero

238 3312 326 3362 Gallos
352 3309 420 3357 inter
444 3312 471 3356 et
498 3306 595 3370 Anglos
619 3311 749 3370 gestarum
772 3307 920 3356 memoriam
938 3306 1072 3372 proderet,
1097 3307 1174 3359 brevi

237 3399 296 3464 post
317 3394 384 3442 hanc
407 3392 562 3442 rusticorum
578 3390 731 3441 seditionem
749 3392 805 3456 ipse
823 3393 850 3439 in
868 3393 961 3454 Anglii
977 3396 1093 3442 versatus
1110 3394 1175 3442 ruit.
1271 3414 1276 3420 ·

237 3481 301 3531 J’ess
328 3478 473 3543 partenay,
505 3477 607 3539 inquit,
640 3477 715 3546 saiess
739 3492 769 3527 aa
795 3479 843 3543 qsss'
863 3494 896 3527 ess
910 3480 962 3544 sset
974 3480 1056 3546 fait,
1074 3485 1176 3545 etque

239 3567 271 3615 de
287 3564 450 3613 l’s'sscs'dessce
464 3562 496 3626 je
507 3563 545 3626 sss
560 3560 647 3612 arose
661 3563 793 3627 informe.
831 3564 868 3612 11.
886 3582 912 3628 p.
933 3565 993 3616 122.

200 3655 212 3690 ²
237 3650 404 3700 »Postremo
430 3646 478 3709 (sic
505 3647 587 3696 fassus
611 3649 652 3696 est
675 3648 741 3696 Jeck
759 3649 851 3714 Strata)
869 3663 957 3713 repom
977 3650 1176 3699 occidissemus

237 3741 263 3784 et
280 3739 391 3782 cunctos
404 3733 630 3797 possessionetos,
646 3730 809 3796 Episcopos,
826 3735 986 3793 monacisca,
1003 3731 1165 3794 canonicos,
1240 3766 1243 3775 ι

234 3825 353 3868 rectores
379 3819 494 3882 insuper
521 3818 707 3868 Ecclesierssm
724 3818 756 3865 de
776 3818 850 3867 serre
865 3819 1065 3869 delevissemus.
1105 3819 1169 3872 Sols‘

235 3903 419 3953 mendicantes
446 3905 578 3953 oies'sscsst
605 3916 689 3964 super
714 3907 833 3962 terram,
856 3907 905 3970 qsss'
923 3906 1094 3973 suffecissent
1111 3922 1169 3971 pro

231 3989 316 4036 soors's
334 3989 500 4037 celebrandis
516 3992 567 4036 esst
584 3987 758 4052 conferendis
777 3989 921 4039 universae
940 3991 1062 4042 terres.’'
1084 3992 1166 4059 Apud

234 4070 652 4138 Walsinghamum.1!s‘st..tssqi.
673 4088 699 4136 ρ.
719 4069 783 4122 265.
