2586 4718
651 259 693 319 92

186 473 224 539 tis
244 471 385 561 infringit
403 467 503 536 thesin
522 470 626 550 illem,
656 468 709 548 sed
729 469 824 535 refert
843 480 960 559 septem
979 471 1162 540 oratiuncu-

180 594 224 659 las
240 590 435 683 quorundam
450 591 651 658 saecularium
671 591 874 657 Dominarum
886 589 926 655 de
935 589 1043 657 eidem
1052 596 1160 662 causi.

180 713 261 804 Ego
279 721 387 779 antem
407 711 535 800 (inquit)
557 720 713 799 tanquam
728 709 866 774 humilis
881 718 912 775 ct
927 712 1161 780 obedientialis

171 833 271 922 filios
290 831 461 898 Romanae
480 831 654 897 Ecclesiae
663 839 882 921 protestans,
899 854 950 896 me
968 833 1057 898 amit
1073 836 1161 900 celle

180 973 350 1033 asserere,
365 952 454 1041 qnod
464 959 598 1017 sonaret
607 951 771 1037 injuriam
780 951 891 1017 dictae
899 951 1076 1018 Ecclesiae
1085 999 1096 1033 ,
1106 956 1162 1020 vet

181 1075 433 1139 rationabiliter
460 1071 635 1160 cffmderet
653 1075 739 1162 pias
764 1094 882 1151 aures,
901 1109 948 1124 -
966 1078 1161 1140 transmitto

180 1193 344 1267 electorem
375 1215 478 1279 meam
513 1191 723 1281 reverendam
754 1191 804 1256 ad
840 1194 1032 1259 solutionem
1061 1194 1161 1282 nujus

180 1317 388 1406 argumenti,
418 1336 516 1402 qoam
539 1313 653 1379 audivi
675 1317 712 1377 in
730 1312 872 1401 quodam
889 1316 1028 1380 concilio
1045 1339 1067 1380 a
1086 1314 1162 1381 Ilo-

181 1439 279 1503 minis
296 1434 500 1501 secularibus
521 1454 591 1498 esse
609 1433 738 1503 datam.
761 1433 904 1500 Nimium
923 1433 1030 1522 longus
1044 1455 1163 1516 essem,

117 1534 118 1538 Ἰ
182 1556 207 1622 si
234 1554 519 1622 hasn'rntinncnias
537 1552 591 1619 hic
609 1554 793 1622 insererem:
820 1567 890 1621 sunt
908 1566 1013 1619 nutem
1031 1552 1161 1644 perdig-

180 1699 260 1756 nae,
289 1674 544 1766 qone'legsntnr,
591 1673 686 1747 tonat
704 1685 809 1742 temen
824 1674 981 1765 specimen
1000 1674 1159 1764 quoddam

181 1795 266 1865 dare.
292 1818 313 1860 >›
320 1794 459 1863 Primos
468 1794 648 1874 Dmninas,
660 1797 696 1858 in
704 1799 812 1861 armis
812 1797 896 1884 plns
905 1802 1059 1865 straneas
1066 1843 1077 1878 ,
1078 1797 1160 1883 fer·

183 1927 239 1983 tar
257 1918 376 1982 taliter
392 1914 614 2006 respmtdisse.
661 1897 835 2008 Regnum,
857 1917 983 2004 inquit,
1009 1914 1161 2007 Angliae

174 2061 240 2130 per
267 2036 424 2129 gladium
454 2050 587 2102 snorum
613 2057 787 2126 procerum
814 2034 856 2100 ab
876 2035 1161 2123 clt’m'pamsitam

77 2165 79 2169 ’
181 2169 244 2240 est,
270 2168 302 2245 et
315 2166 436 2224 contra
453 2129 562 2224 liostes
579 2157 767 2226 moademes
785 2155 895 2221 eodem
909 2155 1033 2251 gladio
1045 2156 1158 2244 defen·

182 2289 301 2349 satam.
335 2276 397 2345 Sic
415 2281 500 2344 entim
518 2279 702 2371 tributam,
716 2277 857 2340 violente
884 2284 1033 2347 exactam
1051 2301 1075 2343 a
1094 2272 1174 2345 Ja-¹

183 2404 231 2468 lic
245 2402 408 2481 Caesare,
418 2400 609 2488 fortificata
619 2417 738 2487 mgna,
757 2396 1008 2491 rationabiliter
1021 2403 1071 2463 est
1083 2397 1161 2484 sai·v
1216 2459 1220 2465 ,

182 2528 336 2590 tractam.
360 2557 406 2570 -
432 2517 512 2588 Cam
535 2518 683 2611 ergosit
707 2515 795 2581 idem
813 2514 985 2601 judiciam
999 2495 1050 2581 ¹de
1068 2516 1158 2600 dictn

184 2642 319 2717 reddita
333 2640 504 2708 Romanae
520 2640 657 2715 almae,
672 2657 752 2701 sane
762 2639 895 2702 consata
903 2684 914 2718 ,
924 2638 1158 2728 quodnegetur

176 2768 335 2858 percitae,
360 2767 430 2829 nisi
448 2762 550 2852 Papa
574 2778 675 2828 manu
692 2757 817 2862 validi,
831 2761 941 2847 epsmm
951 2762 1083 2849 poterit
1100 2781 1157 2823 ea·

184 2896 346 2975 torquere.
400 2881 496 2972 Quod
513 2882 547 2945 si
564 2879 797 2971 temptaverit,
815 2892 919 2945 meam
939 2886 988 2943 eet
998 2879 1159 2966 projure

184 3016 298 3092 nostro
315 3007 507 3072 resistere?
556 2997 680 3063 Tertius
698 2997 867 3077 Dominus,
882 2998 961 3062 inter
981 2996 1059 3077 alin,
1080 2998 1159 3074 haec

182 3129 298 3203 dixisse,
311 3092 421 3194 sertui.
446 3145 468 3185 n
479 3117 559 3187 Cam
578 3116 745 3208 Papasit
763 3138 876 3196 semme
891 3138 1064 3192 servornm,
1075 3117 1159 3198 Ilei,

178 3214 359 3341 probator,
373 3210 460 3334 qnod
475 3251 538 3302 non
557 3241 720 3329 reciperet
728 3237 875 3327 vectigal
883 3236 923 3307 cle
931 3235 1063 3326 Anglia
1068 3242 1159 3327 ,nisi

178 3362 562 3461 propter-*ministerium
574 3354 839 3450 persolvendum.
863 3423 868 3428 ,
887 3354 1159 3449 Eume-rgaunon

184 3489 340 3577 aedpicat
359 3501 494 3573 regnum
509 3489 675 3578 nostram,
694 3499 752 3541 nec
761 3476 1008 3565 spiritualiter,
1019 3499 1159 3543 neocor-

180 3587 373 3705 poratiter,
390 3602 465 3685 secl,
484 3601 683 3699 defalcanda
700 3597 899 3695 temporalia
903 3611 1013 3688 perse
1023 3608 1055 3681 et
1065 3622 1158 3677 suos,

186 3731 362 3819 cmnfcrtat
372 3728 517 3816 pecunia
528 3773 539 3803 ,
548 3719 1160 3811 facore,--etcansilio,inimicos(scii.

187 3846 321 3934 Gallos),
341 3850 493 3925 videtur,
513 3840 602 3934 qnod
617 3839 764 3904 debemus
776 3842 921 3930 provide
933 3845 1159 3939 praemissam

178 3971 372 4059 petitionem
391 3963 606 4034 attraherer
627 3975 690 4031 etc.
804 4004 812 4063 ss
