2586 4718
520 1220 823 1309 PRAEFATIO.

204 2122 411 2248 ‘Magnam
439 2173 537 2244 quum
566 2155 603 2217 in
632 2153 788 2241 aequales
812 2175 888 2222 suos
905 2161 938 2219 et
956 2156 994 2219 in
1006 2164 1162 2245 posteros
1204 2241 1211 2253 ἢ

44 2303 49 2312 ·
80 2274 86 2287 “
177 2275 241 2336 vim
267 2271 420 2335 namma
437 2276 536 2357 atque
554 2267 780 2357 ffcacitatem
803 2265 858 2333 W
857 2265 984 2354 icliffiis
996 2316 1006 2347 ,
1022 2277 1054 2332 et
1073 2270 1138 2335 illu
1149 2319 1161 2351 ,
1216 2288 1219 2292 ’

177 2407 261 2474 quae
288 2406 358 2449 eum
385 2383 463 2459 tulit
475 2431 484 2462 ,
514 2388 609 2448 aetas
638 2383 676 2443 in
693 2378 881 2468 Anglorum
900 2379 1048 2444 historici
1064 2381 1163 2448 ualde

159 2526 161 2530 ¹
177 2501 221 2562 sit
244 2499 492 2575 memorabilis,
517 2495 579 2560 liae
598 2491 834 2558 conscribendi
849 2491 1084 2582 disquisitione
1100 2517 1162 2562 no-

175 2613 224 2675 bis
236 2616 473 2700 proposuimus
494 2606 685 2699 indagare,
700 2608 812 2696 qualis
830 2609 1028 2696 illefirerit,
1042 2610 1160 2700 quibas

172 2725 297 2788 uixerit
325 2725 542 2813 temporibus,
578 2736 740 2813 quaenam
760 2725 957 2812 scripserit,
981 2747 1023 2790 ac
1043 2726 1159 2812 cujus-

171 2837 263 2902 modi
281 2841 482 2927 spectaoerit
500 2838 676 2902 Ecclesiae
696 2839 977 2926 reformationem.
1032 2838 1079 2906 Ut
1096 2863 1158 2906 au·

170 2960 254 3033 tem,
278 2951 364 3040 quial
371 2954 612 3042 praestiterit,
631 2954 744 3040 magis
764 2953 798 3023 in
820 2951 929 3017 oculos
948 2953 1157 3038 accurreret,

161 3087 300 3154 pauca,
328 3074 503 3154 antequam
519 3067 622 3131 uitam
640 3062 916 3150 ejusdescribere
932 3066 1155 3150 instituimus,

165 3178 413 3267 disputavimus
451 3177 492 3242 de
531 3177 707 3243 Ecclesiae
742 3177 978 3264 reformandae
1012 3180 1152 3262 studiis,

73 3353 76 3357 .
167 3315 252 3380 quae
266 3299 342 3357 aute
352 3293 450 3357 illius
460 3300 600 3358 aetatem
611 3294 648 3355 in
659 3291 805 3380 Europd
811 3293 999 3380 viguerunt.
1038 3291 1151 3377 Quau-
1256 3336 1259 3341 -

167 3405 341 3494 doquidem
369 3428 447 3471 uero
475 3404 536 3471 W
531 3403 657 3492 ioliffus
670 3427 746 3468 -non
766 3405 989 3494 praeferuida
1007 3407 1149 3494 quodam

166 3523 275 3585 animi
287 3523 411 3610 impetu
425 3521 599 3611 abreptus,
611 3518 672 3583 seol
683 3527 815 3584 maturo
819 3518 952 3605 judicio
965 3543 1006 3589 ac
1021 3525 1153 3591 ratione

166 3631 304 3712 ductas,
335 3628 519 3700 Ecclesiae*
540 3654 674 3698 errores
692 3637 895 3724 oppupnaoit
908 3637 1095 3723 'sensimque
1112 3640 1150 3700 in

164 3749 207 3810 eoi
225 3747 445 3834 reformanda
458 3748 631 3838 progredi
657 3748 800 3813 uoluisse
817 3747 967 3828 uidetur,
991 3771 1033 3813 en
1052 3748 1150 3836 liujus

158 3880 367 3950 progressus
387 3862 690 3930 ‚animaduersione
711 3861 822 3949 fluuit
857 3865 969 3943 nostri
1001 3864 1153 3952 opusculi
1222 3888 1233 3943 j
1259 3882 1261 3887 ⁴

156 3976 320 4063 partitio.
347 3972 553 4073 deploratis
569 3980 618 4043 ito
633 3979 708 4041 uitii
722 3977 809 4063 ejus,
826 3979 978 4068 ingenio,
991 3977 1147 4065 placitisv

162 4111 223 4175 que
232 4090 435 4178 primariis,
447 4091 607 4157 nonnulla
622 4099 689 4159 tum
700 4089 849 4157 di'nimus
863 4090 904 4157 de
919 4094 1061 4181 scriptis
1075 4093 1149 4180 aas
