2586 4718
683 275 746 339 160

217 487 318 556 obluit
330 535 340 568 ,
371 483 626 576 quandoquidem
654 487 759 576 lingua
786 486 898 554 Latina
915 487 1107 578 praesidium
1125 492 1206 567 huic

219 623 296 677 erat.
343 605 493 686 Etenim,
521 629 618 695 quum
643 606 815 674 saoe'rdotes
841 609 874 674 in
904 610 1089 680 celebrando
1114 617 1205 684 cultu

217 753 303 798 sacro
328 728 387 794 hac
406 728 510 817 linguai
536 727 604 794 Deo
631 727 818 794 adhiberent
835 751 944 818 preces
964 744 996 798 et
1013 731 1146 802 honores
1165 760 1205 819 ac

216 850 311 917 rerba
327 849 466 915 lacerent
480 846 520 912 ad
537 849 742 940 concionem,
758 872 856 939 quum
873 852 999 933 omnia,
1021 877 1101 944 quae
1120 859 1209 925 scri·.

215 970 332 1036 bebaut
349 967 477 1049 cleriei,
495 968 543 1034 rel
562 991 642 1057 quae
660 967 847 1038 decernebat
867 972 1006 1040 Ecclesia
1028 987 1058 1040 et
1078 978 1201 1045 consti-

215 1089 343 1172 tuebat,
373 1087 431 1154 hac
458 1102 680 1179 peragerentur
712 1091 840 1180 linguai,
877 1094 1010 1183 populus
1039 1095 1118 1169 fere,
1135 1119 1208 1167 non.

214 1211 429 1301 intelligebat,
458 1232 539 1300 quae
564 1209 751 1277 dicebantur
770 1213 817 1278 rel
843 1214 942 1280 literis
968 1188 1203 1286 mandabantur

206 1333 346 1403 abillis.
402 1329 466 1398 Sed
491 1354 552 1398 non
586 1330 692 1398 obesse
721 1333 819 1398 solum
844 1334 1069 1417 llierarchiae,
1090 1360 1216 1425 rerum,

213 1456 260 1520 rei
288 1453 482 1542 Christianae
508 1453 663 1543 imprimis
685 1450 830 1542 prodesse
849 1455 997 1545 cupiebat
1017 1458 1196 1542 Wicliffus3

212 1587 244 1643 et
272 1588 437 1666 propterea
467 1570 616 1640 codicem
645 1595 765 1638 sacrum
793 1596 811 1639 e
836 1576 948 1642 Latino
976 1579 1108 1668 Anglice
1129 1602 1200 1647 rer·

211 1700 263 1768 tit.
311 1698 379 1783 Quo
409 1693 550 1785 tompore
577 1693 756 1782 gravissimo
784 1671 862 1760 huic
885 1697 974 1787 operi
993 1720 1123 1765 manum
1139 1692 1199 1766 ad-

211 1818 366 1899 moverit,
394 1841 458 1884 uon
483 1828 621 1885 constat:
645 1815 823 1883 absolutum
841 1839 914 1884 vero
935 1816 969 1883 id
988 1819 1083 1888 fuisse
1101 1814 1199 1912 inque

210 1943 312 2009 lucem
340 1939 486 2005 emissum
506 1936 629 2004 ridetur
657 1960 737 2005 anuo
763 1936 889 2005 circiter
912 1944 1011 2011 1380.
1052 1943 1199 2012 Profecto

211 2059 336 2128 Codicis
369 2058 449 2126 sacri
485 2058 583 2124 versio
611 2057 683 2153 nori
719 2056 796 2150 quid
827 2057 888 2126 hoc
917 2083 993 2127 aero
1021 2062 1054 2127 in
1084 2064 1197 2156 Anglii

209 2183 282 2254 fuit.
329 2160 432 2259 Nam,
463 2200 644 2268 quanquam
671 2191 774 2268 partes
803 2178 894 2269 hujus
926 2179 1051 2249 Codicis
1077 2184 1109 2249 in
1138 2209 1197 2275 pa·

209 2309 305 2372 trium
335 2322 438 2369 versae
467 2311 554 2366 erant
583 2320 755 2364 sermonem
783 2313 855 2367 ante
881 2300 1016 2374 Wioliffi
1039 2316 1197 2388 aetatem,

208 2425 331 2515 integro
351 2419 491 2500 Codice,
512 2419 545 2485 in
564 2420 761 2486 vernaculam
782 2420 920 2510 linguam
940 2396 1102 2504 translato,
1120 2438 1197 2493 tunc

207 2568 270 2612 non
303 2542 481 2633 gaudebant
514 2541 619 2631 Angli.
677 2541 779 2609 Simul
813 2564 885 2609 rero
926 2543 1093 2631 ejusmodi¹
1117 2569 1197 2636 opus

198 2667 326 2754 -absque
343 2663 568 2754 Episcoporum
587 2663 636 2744 rel
655 2663 768 2728 summi
800 2663 959 2730 Pontificis
986 2687 1134 2761 consensu
1164 2669 1197 2734 iu

206 2786 356 2853 laicorum
384 2784 584 2851 commodum
610 2782 777 2868 evulgare,
804 2802 853 2882 res
881 2797 947 2851 erat
972 2786 1146 2875 periculosa
1165 2801 1197 2857 et

206 2903 335 2976 audacia
363 2909 477 2999 pleua;
494 2950 495 2955 κ
511 2905 652 2994 quippe,
671 2912 892 2992 praeterquam
915 2904 999 2995 quod
1018 2907 1116 2981 versio
1132 2909 1197 2976 La.

204 3031 292 3110 tina,
312 3050 404 3120 quarn
425 3029 597 3117 vulgatam
616 3021 725 3089 dicunt
736 3072 746 3104 ‚
769 3046 829 3090 una
849 3025 1031 3094 authentica
1041 3031 1102 3105 <ab
1131 3030 1195 3099 Ec·

204 3151 297 3219 elesii
330 3149 527 3224 habebatur,
562 3144 746 3211 interdictus
774 3160 840 3213 erat
869 3147 922 3214 illo
942 3136 1084 3241 tempore
1103 3150 1192 3220 laicis

202 3297 275 3340 usus
299 3268 426 3338 ¹Codicis
444 3264 542 3334 sacri:
563 3265 681 3355 quique
701 3268 876 3334 versionem
895 3268 1053 3350 habebat,
1073 3269 1192 3340 haere·

138 3403 141 3410 '
203 3395 268 3462 tico
290 3391 376 3460 hunc
394 3387 650 3476 aequiparabant.
698 3389 887 3480 Praeparare
907 3391 1193 3462 autem'Wicliffus

199 3517 266 3604 jam
294 3521 420 3579 conatus
447 3520 514 3574 erat
539 3508 666 3576 elericos
693 3516 725 3576 et
755 3508 896 3577 doctores
915 3510 954 3576 ad
973 3511 1194 3604 accipiendam

203 3633 376 3702 tersionem
394 3628 545 3696 librorum
564 3652 741 3709 sacrorum,
762 3650 878 3719 opere,
899 3632 985 3720 qnod
1005 3632 1099 3722 paulo
1118 3646 1195 3702 aute

201 3749 323 3828 edidit,
350 3753 507 3840 praeclaro
537 3752 711 3840 Latineque
740 3751 938 3841 conscripto,
972 3752 1024 3819 be
1050 3757 1198 3824 veritate

204 3882 236 3939 et
272 3897 368 3941 amaru
407 3873 618 3965 Serapium.
673 3871 850 3962 Disputarit
884 3876 1050 3967 praecipue
1084 3878 1194 3957 ineo

96 3982 244 4406 'de
262 3997 380 4068 summi
399 3993 582 4066 auctoritate
602 3990 727 4062 Codicis
742 3994 822 4062 sacri
833 3993 935 4097 deque
944 3997 1094 4081 facultate
1106 4047 1116 4080 ,
1127 4001 1191 4089 qud
