2586 4718
551 324 610 383 137

96 540 137 608 ab
167 541 232 630 ipso
259 537 348 602 aliter
376 534 548 600 enuntiatas
576 532 772 613 invenimus,
801 530 884 622 quod
909 533 1066 624 suprain·

98 658 303 726 dicavimusl.
353 655 447 719 Paulo
475 653 591 719 scilicet
619 665 689 743 post
712 653 885 722 concilium:
901 653 934 718 io
954 653 1068 744 palatio

96 776 309 846 Lambethano
340 773 483 840 habitum
495 820 506 854 ,
534 772 667 840 thesium
696 773 823 838 alteram
848 772 968 862 scripsit
991 774 1069 840 Wi-

98 899 196 964 cliffns
227 895 465 986 expositionem,
498 916 591 983 quam
623 894 802 982 aliqualem
830 897 1070 984 responsionem

99 1019 148 1084 ool
178 1019 299 1083 bullam
330 1015 395 1104 ipse
426 1015 569 1095 vocarit,
604 1014 803 1104 inscriptam:
839 1014 946 1106 Regis
974 1014 1071 1080 Par-

99 1141 256 1204 liamenlo
276 1146 303 1206 ².
356 1136 448 1201 Hunc
478 1135 618 1201 libellum
646 1134 685 1199 ad
714 1133 801 1222 regni
829 1133 983 1215 Ordines,
1016 1133 1072 1225 qui

100 1257 153 1324 die
181 1263 200 1324 5
229 1255 346 1347 Aprilis
375 1256 490 1344 (1378)
517 1266 747 1333 convenerunt,
771 1253 877 1335 misit3
903 1254 1074 1320 siccavere

101 1378 250 1466 cupiens,
283 1399 322 1440 ne
349 1375 433 1463 regia
461 1375 580 1440 familia
606 1387 637 1439 et
661 1372 755 1462 Angli
772 1373 890 1441 nobiles
909 1374 942 1439 in
961 1375 1073 1440 melam

103 1498 378 1586 interpretarentur
399 1508 518 1584 partem
543 1493 639 1583 ipsius
656 1493 788 1581 placita,
808 1515 887 1583 quae
906 1518 928 1558 »
940 1497 1076 1559 innuere
1175 1580 1177 1585 ,

103 1620 205 1684 omisis
216 1617 360 1707 politiam
378 1615 670 1692 destructionem,”
688 1614 770 1702 Papa
785 1612 845 1679 illis
859 1612 1075 1683 affirmaverat.

104 1739 152 1806 Ne
182 1751 283 1804 autem
312 1735 389 1826 quid
415 1734 553 1802 dicamus
572 1734 611 1800 de
632 1757 690 1816 eo,
710 1733 794 1824 quod
814 1734 847 1799 in
867 1737 997 1824 utrique
1018 1732 1077 1800 hae

103 1857 313 1948 expositione,
341 1881 358 1920 a
386 1834 526 1923 Vllicliffo
543 1855 689 1944 scripti,
719 1876 782 1920 non
809 1855 943 1920 occurrit
967 1852 1079 1934 thesis,

106 1998 184 2069 quae
212 1975 321 2043 ordine
349 1984 488 2064 septima
511 1985 556 2038 est
581 1974 613 2036 in
633 1973 716 2035 bullis
736 1972 861 2060 papali,
880 1971 1080 2038 animadver-

105 2109 225 2174 tamus,
251 2093 351 2160 theses
378 2093 466 2170 illas,
497 2089 560 2156 sire
588 2089 819 2171 conclusiones,
850 2102 885 2157 ut
914 2088 1059 2158 dicuntur
1070 2141 1081 2174 ,

105 2213 205 2282 rideri
223 2211 365 2276 collectas
384 2209 476 2275 luisse
494 2232 530 2276 es
547 2207 637 2276 dictis
658 2208 828 2291 dissolutis,
847 2211 931 2277 vario
941 2223 1081 2315 tempore
1180 2191 1184 2200 Ι

104 2333 250 2422 variique
277 2332 528 2421 opportunitate,
557 2332 659 2399 obiter
679 2331 833 2412 subinde,
852 2334 1076 2424 pronuntiatis3

108 2476 187 2543 qnae
204 2474 275 2518 rero
297 2452 417 2518 inimici
437 2474 472 2516 cx
492 2473 546 2517 ore
562 2452 717 2541 loquentis
734 2452 829 2517 reluti
845 2452 1079 2542 subripuerant,

74 2548 77 2553 ι
107 2588 199 2663 atque
229 2573 308 2638 male
320 2621 330 2652 ,
361 2585 469 2662 utpote
497 2594 533 2637 es
563 2593 624 2638 non
655 2572 725 2636 satis
752 2571 957 2662 intelligentes
969 2623 979 2655 ,
1009 2598 1081 2643 cum

108 2694 176 2759 eliis
210 2692 510 2758 communicaverant
531 2699 558 2758 ³.
615 2691 776 2756 Praeterea
810 2693 979 2760 tenendum
1014 2709 1078 2779 est,

115 2857 433 2871 μανι-Μ

138 2950 148 2986 1
173 2950 236 3012 Peg.
259 2946 308 2996 125
326 2962 396 3010 sqq„
414 2947 440 2996 in
460 2947 539 2999 notis.

134 3035 146 3072 ²
165 3035 225 3095 lieo
238 3029 344 3081 Wicliffi
360 3032 481 3097 seriptum
498 3034 625 3082 servatum
645 3036 684 3082 est
703 3033 771 3082 inter
785 3035 853 3084 MSS.
874 3035 992 3096 Seldeui,
1012 3039 1090 3103 sique

130 3186 133 3192 Ι
171 3115 239 3180 typis
263 3112 408 3162 mandatum
435 3114 462 3162 in
485 3129 561 3178 opere
584 3115 699 3175 denisii,
725 3132 752 3180 p.
779 3116 935 3179 318-326,
955 3124 982 3169 et
1001 3122 1027 3170 in
1045 3140 1087 3189 op.

169 3197 319 3261 Vnughsni,
347 3195 416 3257 Vol„
431 3195 453 3245 I.
483 3195 552 3261 spp.
579 3196 626 3247 ΝΟ.
655 3196 727 3257 XVI,
758 3199 851 3251 titulos
879 3200 938 3250 isto
962 3210 1002 3251 est
1023 3219 1090 3268 pro-

174 3281 283 3331 testatio
310 3279 450 3328 reverendi
468 3281 586 3330 doctoris
609 3295 666 3329 usse
689 3296 750 3330 eum
775 3284 834 3347 ejus
860 3285 1089 3351 conclusionibus,

176 3381 244 3430 quos
263 3366 295 3414 cb
313 3380 342 3414 so
358 3365 389 3413 iss
409 3364 560 3429 subscripti
573 3365 667 3432 formet
686 3371 749 3413 sunt
766 3368 888 3429 positos,
905 3384 973 3433 quos
988 3373 1092 3423 isseoss-
1165 3431 1172 3437 ,

111 3478 118 3487 ·
174 3451 307 3500 similibus
322 3450 463 3509 meteriis,
481 3456 508 3498 st
525 3450 703 3499 dissimilibus
713 3450 835 3515 formis,
852 3459 916 3501 sumt
933 3459 960 3503 st
969 3456 1091 3520 fuerumt

132 3566 137 3576 .
177 3538 329 3595 reportatae
356 3538 382 3581 st
409 3534 445 3582 od
464 3533 569 3583 curium
584 3525 732 3583 Romomon's
750 3537 940 3598 transmissos,
957 3545 984 3588 st
1002 3543 1041 3590 sio
1060 3543 1092 3590 iss

175 3615 270 3663 multis
294 3618 385 3665 missus
410 3617 472 3680 lesse
496 3618 648 3681 impositas.
679 3644 711 3656 -
739 3619 807 3683 Quae
832 3623 1023 3674 conclusionum
1046 3642 1092 3675 sx-

178 3697 288 3772 positio,
313 3712 433 3749 summam
459 3701 660 3752 ratiocinationis
677 3703 699 3752 si
715 3709 834 3768 spectes,
852 3722 940 3774 parum
957 3709 1043 3760 differt
1061 3710 1093 3760 nb

178 3781 241 3840 illis,
260 3797 325 3844 quae
344 3784 410 3848 apud
428 3786 643 3849 Wnlsinghamum
661 3790 753 3838 exstat.

146 3866 158 3906 ὅ
183 3865 213 3914 Id
236 3865 364 3915 Wiclili'us
389 3868 442 3934 ipse
468 3874 576 3920 testatus
596 3875 635 3920 est
656 3871 682 3919 in
703 3872 783 3922 libelli
799 3873 911 3925 exordio.
948 3875 985 3924 El
1004 3889 1088 3939 quos,

110 3993 113 3999 .
145 4000 157 4016 ·.
173 3951 276 4012 inquit,
291 3964 343 4014 per
357 3965 457 4015 pueros
474 3957 608 4005 sententio
624 3961 662 4004 sst
673 3955 760 4020 fidei,
779 3971 858 4022 quom
875 3959 934 4007 disi
950 3959 1092 4010 insultetis

138 4063 140 4067 ·
181 4040 206 4086 st
221 4033 303 4098 cliii,
324 4051 372 4094 oe,
392 4039 479 4102 mopis
493 4034 544 4105 'per
558 4057 658 4106 pueros
677 4043 775 4101 etiam,
796 4057 880 4108 usqus
896 4041 933 4092 od
947 4042 1092 4096 lismonam
