2586 4718
642 329 660 387 9

161 545 396 623 Paterinorum,
420 538 483 608 aiae
499 535 741 628 l'nblioanorum
749 583 760 617 ,
774 557 827 602 seu
843 533 977 625 deniqne
991 537 1142 627 liugan-

162 668 285 735 sium1.
327 660 458 727 Videtur
478 658 596 749 quippe
615 655 700 726 haud
717 677 780 722 case
801 656 1013 746 improbabilis
1032 680 1138 724 eorum

161 786 334 866 sententia,
359 783 412 872 qui
432 791 564 872 putant,
589 779 800 858 Paulioianos,
824 776 938 844 sectam
950 827 959 858 ‚
985 800 1063 866 quae
1083 801 1139 852 er·

98 962 101 966 -
161 912 279 976 stiterat
298 905 330 969 in
350 902 487 970 Ecclesia
504 898 653 967 Orientali
669 911 700 964 et
715 899 800 965 sacra
818 897 864 963 ibi
878 898 1047 963 reformare
1062 920 1139 986 qua·

159 1031 306 1117 licunque
327 1013 452 1093 tandem
472 1021 611 1102 ratione,
636 1019 810 1100 studuerat,
830 1019 1060 1110 opportunitate
1075 1020 1138 1108 qui

158 1149 278 1216 colonia
297 1167 404 1213 eorum
419 1140 458 1208 ad
473 1143 565 1208 linem
585 1143 698 1209 saeculi
718 1142 747 1208 X
766 1139 899 1207 deducta
919 1155 984 1207 erat
1003 1140 1036 1206 in
1054 1141 1138 1208 Bul-

159 1270 298 1359 gariam,
326 1266 408 1331 oiroa
432 1264 541 1329 urbem
559 1261 814 1352 Philippopolin,
840 1258 908 1351 (ubi
925 1262 1137 1350 longissimum

158 1387 328 1457 Paulioiani
347 1385 564 1475 superfuerunt
584 1382 732 1471 tempus),
745 1381 953 1449 hinoltaliam
964 1395 994 1448 ct
1006 1382 1137 1449 Galliam

119 1543 122 1547 ¹
158 1531 261 1577 aursus
280 1527 311 1573 se
330 1527 534 1595 propagasse,
552 1527 645 1594 sequa
664 1502 837 1570 confudisse
853 1527 925 1570 oum
941 1504 1140 1572 Manichaeo-

157 1653 228 1696 rum
255 1626 506 1694 Oooidentalium
522 1625 715 1716 propagine,
732 1647 811 1715 quae
831 1624 886 1692 diu
906 1626 970 1693 illic
990 1639 1141 1716 superstes

99 1787 100 1791 =
155 1752 247 1818 fuisse
265 1736 387 1816 ridetur
402 1747 429 1818 2’.
475 1748 542 1833 Quo
566 1747 683 1814 factum
701 1748 828 1813 fortasse
847 1761 909 1826 est,
935 1761 970 1814 ut
989 1747 1150 1839 ejusmodi

144 1869 303 1969 haeretici
314 1920 324 1953 ,
350 1870 454 1961 quales
470 1869 502 1934 in
523 1865 621 1959 plagis
636 1867 892 1936 meridionalibus
913 1869 1032 1936 Galliae
1051 1871 1138 1935 inre·

162 2026 517 2039 ——n———ffl

183 2113 266 2161 llllia
284 2111 423 2160 haereticis
448 2108 611 2156 abundabant
629 2122 696 2157 auec.
716 2107 765 2157 xn
784 2107 904 2172 imprimit
924 2109 1021 2160 Galliae
1038 2112 1143 2176 proriu-

215 2196 270 2244 ciae
303 2192 444 2240 occitania
466 2195 492 2238 et
519 2191 683 2241 Provincia:
702 2191 733 2241 de
750 2192 842 2255 quibua
860 2193 1007 2257 regionibns
1025 2203 1145 2248 accurate

76 2279 79 2285 ’
145 2331 147 2335 ,
217 2277 330 2328 acribena
352 2275 509 2340 Capeligiua,
536 2275 589 2328 ait:
608 2276 686 2325 Dana
702 2277 729 2325 la
744 2292 904 2342 campoque,
926 2279 988 2327 cirea
1007 2280 1046 2327 lea
1064 2280 1144 2330 bour-

163 2360 165 2363 ’
219 2362 310 2427 pcata,
338 2365 364 2408 et
392 2361 474 2409 mirae
496 2354 591 2423 parmi
619 2363 680 2410 obaz
698 2362 735 2410 tea
751 2362 857 2421 aablea,
878 2363 904 2411 la
918 2365 964 2428 foi
985 2364 1143 2430 Catholiqaa

219 2445 328 2498 n’aoait
348 2459 400 2508 pua
417 2447 543 2492 conservi
561 2452 634 2493 toute
651 2460 681 2492 aa
696 2449 795 2510 prareti
815 2452 841 2493 et
856 2461 904 2493 aaa
921 2448 1094 2510 collaudante,
1118 2459 1144 2501 at

155 2568 158 2571 -
219 2531 257 2580 lea
282 2530 397 2579 liriaiaa
421 2529 457 2576 du
476 2527 538 2575 ΧΠ
555 2527 639 2576 Sicula
658 2531 813 2577 trouoireat
831 2528 1141 2603 d'anaianaaoaoauirs,

220 2617 287 2682 qui,
307 2613 410 2663 auecta
430 2615 564 2662 caractere
580 2612 718 2671 national,
738 2612 918 2664 favoriairant
935 2613 994 2662 leur
1004 2631 1142 2683 prapaya·

215 2703 283 2752 tiore.
319 2699 375 2748 vid.
395 2697 452 2746 Vol.
473 2697 524 2746 111.
543 2712 569 2761 p.
590 2696 639 2744 115
657 2722 689 2733 -
710 2695 769 2748 127.
807 2696 837 2744 Iu
857 2697 1017 2748 Germaniam
1037 2717 1141 2767 quoque

200 2784 287 2835 ‘multi
306 2799 335 2832 ex
354 2781 402 2830 hac
417 2781 489 2829 rectia
505 2789 533 2830 te
552 2780 718 2832 diffuderunt.

183 2872 195 2908 ²
213 2869 322 2920 lliatoria
336 2851 540 2916 Parilioianorum
557 2864 697 2916 haurienda
714 2869 753 2914 eat
764 2865 912 2924 albatia,
926 2869 1032 2936 ejuaque
1043 2873 1143 2935 aequali

213 2957 291 3007 Patro
308 2953 393 3002 Siculo
411 2951 489 3014 (aueo.
508 2949 565 3015 Ill).
576 2951 633 2999 vid.
643 2951 762 3009 Gibbon,
783 2966 840 3016 cap.
850 2949 893 3000 54.
907 2977 937 2988 -
950 2953 1071 3004 Gieaeler.
1084 2956 1142 3007 vol.

214 3039 250 3088 11.
269 3041 299 3090 P.
319 3039 341 3086 1.
360 3054 386 3102 p.
405 3036 456 3096 12,
476 3035 546 3098 3523
565 3036 594 3086 P.
610 3036 646 3085 ll.
666 3053 692 3104 p.
709 3036 770 3085 658.
789 3038 1141 3105 -,Baunrgarten·Cruaiua,

219 3121 330 3172 curtati.
366 3117 572 3184 Doqmaapeaai.
612 3117 669 3169 vot.
698 3118 719 3166 1.
745 3135 772 3184 p.
791 3119 843 3169 397
860 3135 916 3183 aqq.
954 3122 1098 3171 Occurrunt
1117 3125 1144 3173 in

212 3205 330 3256 doctrini
345 3220 449 3263 eorum,
467 3201 575 3264 vestigia
594 3203 758 3262 Gnosticiami
778 3204 873 3266 Syriaci
892 3193 922 3252 et*
939 3205 1144 3272 llaniohaaismi,

212 3304 356 3355 quanquam
382 3286 487 3335 llanetia
514 3285 733 3352 philosophamato
754 3287 802 3351 ipai
819 3287 973 3351 improbasse
990 3290 1138 3348 videantur:

213 3373 367 3426 llualiamum
387 3375 457 3421 certe
475 3368 583 3435 profeaai
600 3373 669 3420 aunt.
690 3369 768 3418 Vetua
781 3372 960 3418 testamcutum
969 3373 1139 3439 rejiciebant,

213 3459 349 3520 omniaque
376 3455 470 3520 ,cripta
496 3453 597 3518 apuria,
618 3453 704 3518 primia
719 3453 880 3518 ,temporibus
897 3455 964 3505 inter
984 3457 1141 3512 Christianae
1236 3471 1238 3474 ’

215 3544 334 3608 dispersa.
370 3538 504 3602 Evangelia
530 3553 608 3598 vero,
629 3539 776 3602 praesertim
794 3539 888 3604 acriptu
907 3541 1012 3591 Paulina
1028 3546 1143 3598 atudioae

215 3625 350 3690 legebant:
377 3640 442 3688 quoa
471 3623 573 3689 quidem
598 3625 684 3687 legare
704 3624 782 3673 libroa
801 3639 885 3673 aaaron
905 3627 1021 3677 omnibus
1039 3631 1139 3681 licitum

219 3725 273 3759 eaae
293 3708 503 3767 contendebant,
524 3708 594 3771 quod
615 3709 665 3758 hoo
684 3725 746 3759 aevo
764 3709 819 3773 jam
840 3708 959 3773 denegari
979 3715 1066 3778 coepit
1085 3715 1141 3765 lai·

217 3793 255 3844 aia
279 3793 306 3841 in
334 3792 445 3842 Ecclesia
472 3793 586 3866 Graeca,
605 3793 644 3842 uti
664 3798 734 3859 patet
752 3810 783 3842 ex
802 3794 859 3843 loco
878 3795 947 3844 Patri
967 3796 1044 3846 Siculi
1066 3798 1136 3853 ilict.

214 3876 455 3937 Manichaeorum,
491 3877 593 3928 laudato
628 3896 642 3928 a
675 3878 809 3940 Gibhona,
839 3897 897 3951 cap,
921 3880 975 3940 54,
1003 3897 1060 3946 pag.
1089 3885 1135 3939 30.

111 3999 112 4002 ¹
152 4018 154 4024 ¹
215 3966 272 4013 not.
298 3961 324 4012 2.
367 3961 509 4025 Memoriam
533 3980 592 4024 eoa,
619 3964 682 4014 licat
702 3980 751 4020 ,auo
766 3980 854 4025 more,
875 3969 990 4030 repetere
1010 3967 1138 4019 atuduiaae

213 4046 345 4114 praeteriti
362 4045 429 4096 illiue
446 4049 580 4114 temporie,
600 4049 669 4114 quod
688 4053 808 4114 tanquam
826 4051 1040 4116 aurearaligioula
1051 4053 1136 4104 Chala·
