2586 4718
567 287 609 348 84
724 317 770 362 Δ·

108 527 179 572 eum
199 505 292 570 fuisse
311 496 395 565 Cleri
414 495 684 588 depravationem,
705 494 758 562 sed
776 487 972 586 exprobrasse
988 500 1089 570 etiam

110 623 269 692 monachis
287 617 535 688 Mendicantibus
544 660 565 700 ,·
580 616 756 684 vindicibus
775 619 841 685 istis
859 618 1091 704 Hierarchiae,

109 745 226 836 flagitia
253 762 395 833 quaeque
422 752 453 805 et
484 736 626 819 fraudes,
660 738 724 806 imo
751 760 824 806 vero
849 740 994 806 restitisse
1013 763 1092 808 eum

109 866 231 933 fortiter
240 862 353 930 horum
366 858 492 927 libidini
510 856 692 925 dominandi
706 859 738 924 in
749 857 988 926 Universitatem
1000 859 1092 927 Oro·

111 986 262 1053 niensem.
317 981 444 1049 Nullum
475 977 603 1069 quidem
631 976 786 1052 indicium
812 991 879 1061 est,
910 979 1091 1049 Wicliffum

111 1119 240 1198 propter
257 1101 415 1172 Pontificis
429 1097 511 1165 illud·
523 1098 683 1169 decretum
701 1100 837 1190 aliquam
856 1100 965 1166 fovisse
981 1101 1094 1169 simul-

109 1239 223 1308 tatem3
242 1219 290 1304 et,
305 1233 436 1289 testante
451 1218 642 1311 Vaughano,
656 1241 808 1310 nusquam
824 1222 856 1287 iu
873 1221 1091 1310 scriptisque,

111 1369 190 1437 quae
218 1343 280 1410 huc
307 1364 405 1432 usque
433 1341 604 1408 examinata
623 1361 713 1422 sunt,
733 1342 851 1408 mentio
867 1341 903 1408 fit
918 1341 1004 1408 istius
1020 1343 1090 1424 rei,

113 1467 160 1531 rel
180 1463 220 1530 ad
238 1485 307 1528 eam
325 1461 502 1551 respicitur.
541 1461 676 1527 Tantum
693 1462 788 1551 igitur
805 1461 906 1528 abfuit
912 1511 922 1542 ,
941 1480 977 1528 ut
994 1465 1092 1552 praui

28 1644 31 1650 .
112 1584 286 1652 ambitione
311 1581 421 1648 ductus
434 1582 557 1665 tuerit,
580 1594 638 1664 ut,
656 1583 775 1650 interea
793 1581 868 1648 dum
887 1581 1091 1648 deliberaba-

110 1700 161 1774 tur
189 1703 295 1770 etiam>
312 1700 352 1796 de
379 1704 584 1768 controversiis
610 1703 693 1770 cirea
717 1703 929 1796 Praepositum
945 1716 976 1769 et
992 1706 1092 1772 socios

76 1824 78 1830 ’
112 1823 280 1892 saeculares
303 1820 407 1889 ,nune
436 1818 690 1905 cantuariensis,
725 1823 826 1915 ipsius.
848 1823 926 1889 adeo
954 1825 1090 1891 Romani

32 1977 35 1984 ·
109 1943 269 2012 Pontificis
289 1941 437 2009 avaritiae
456 1954 493 2017 et,
507 1941 667 2033 iniquitati
693 1966 755 2010 non
775 1944 965 2035 pepercerit,
982 1944 1091 2035 prouti

110 2040 180 2132 mor
199 2063 385 2132 ridebimus.
414 2114 417 2119 .
479 2089 482 2119 z

156 2302 391 2371 conuorersiae
409 2316 513 2372 autem
529 2303 771 2373 Universitatem
788 2303 990 2373 Oroniensem
1006 2306 1091 2372 inter

111 2437 142 2492 et
161 2423 328 2492 monachos
346 2424 574 2506 Mendieantes,
594 2427 681 2515 cujus
688 2425 850 2517 'particeps
859 2439 1018 2515 tantopere
1027 2427 1090 2494 fuit

31 2556 33 2560 ‘
109 2546 285 2629 Wieldi‘us,
308 2533 533 2620 hunc-interim
548 2546 725 2616 habuerunt
744 2549 903 2629 effectum,
923 2559 1090 2637 postquam

112 2667 223 2734 frustra
237 2670 304 2757 jem
323 2667 502 2758 prodierant
522 2668 611 2758 plura
630 2667 733 2732 edicta
745 2670 991 2750 coutrafratrum
1003 2693 1090 2739 arro·
1170 2728 1172 2733 ,

23 2859 48 2874 ᾗ,
109 2788 267 2876 gentiam,
283 2800 317 2856 ut
337 2810 417 2855 anuo
439 2791 544 2868 1366,
560 2787 607 2852 rei
619 2785 744 2853 tandem
754 2797 917 2874 perspecto
927 2785 1091 2857 discrimi⁴

109 2928 174 2988 ne,
191 2900 435 2975 a'Parliament'o
456 2907 574 2973 solenni
594 2912 731 2970 statuto¹
746 2909 874 2969 cautum
883 2906 942 2986 sit,
964 2930 1003 2974 ne
1019 2911 1088 3000 quis

107 3026 278 3109 scholaris,
293 3025 513 3116 ‚duodeviginti
532 3024 627 3089 annos
642 3021 781 3088 nondum
796 3036 885 3091 uetus
894 3074 904 3107 ,
924 3026 956 3092 in
975 3027 1089 3096 sodali·

101 3146 607 3234 tiemoneoborumreciperetur:
620 3149 725 3209 severe
738 3144 831 3212 simul
841 3145 1088 3217 admonebantur

109 3267 340 3346 Mendieautes,
356 3247 392 3332 ut
411 3267 443 3331 in
463 3278 621 3354 posterum
641 3266 832 3335 abstinerent
851 3268 892 3334 ab
909 3269 1087 3358 arrogandis

67 3382 76 3389 ⁵
110 3389 170 3455 sibi
189 3385 358 3480 privilegiis
382 3385 416 3449 11
437 3385 652 3454 Universitatis
673 3386 894 3484 detrimentum
916 3388 1086 3479 efflagitan-

109 3511 220 3602 disque
228 3520 334 3583 contra
346 3482 414 3570 eam
426 3504 519 3599 bullis
528 3508 710 3600 papalibus,
723 3484 754 3575 et
765 3508 888 3598 utrique
897 3486 1086 3599 litigantium

109 3609 300 3721 parri'vatde
321 3624 528 3710 suadebatur,
550 3637 585 3697 ut
603 3652 713 3721 pacem
733 3617 946 3719 conciliarent.
970 3606 973 3613 Ι
993 3626 1086 3695 Prae-

98 3750 362 3849 scriptumque
390 3771 521 3857 quoque·
535 3762 603 3830 est,
623 3733 656 3816 ut
677 3749 766 3829 lites,
787 3770 867 3839 quae
886 3749 1083 3817 oborirentur

121 3999 145 4037 ’Ἰ
169 4003 243 4068 Apud
263 4006 403 4058 tamisiam.
422 3964 448 4070 p..
468 4005 485 4053 4
502 3986 542 4069 sq.
576 4056 577 4059 ,
