2586 4718
626 328 694 408 σι’

123 529 125 534 ¹
155 561 360 629 Ecclesiam.”
395 558 548 627 Modestus
569 581 639 626 vero
659 571 690 625 et
709 561 827 625 sincere
847 560 1060 649 resipiscentes
1080 582 1131 625 en·

150 683 246 749 citare
265 682 330 747 rult
350 680 480 762 solatio,
505 678 588 770 quod
616 680 819 770 Euangelium
838 678 945 747 habet.
995 681 1129 761 sliam,

151 805 275 894 iuquit,
301 817 477 893 peccatores
506 825 626 869 eramus
655 816 686 868 et
712 803 769 868 filii
790 803 854 866 irae
866 850 876 882 ,
899 801 959 868 llei
978 799 1132 871 Filiusde

150 926 235 991 coelo
254 922 430 1003 descendit,
451 935 482 988 et
501 945 608 1012 preces
626 944 684 1012 pro
703 921 839 989 inimicis
859 919 898 985 ad
917 921 1040 986 Patrem
1060 920 1132 985 fun·

150 1045 225 1111 dens
236 1094 247 1125 ,
270 1069 327 1135 pro
348 1044 437 1109 nobis
455 1056 594 1109 mortuus
611 1055 668 1112 est.
717 1031 816 1110 llulto
836 1013 930 1132 igitur
950 1041 1047 1131 magis
1067 1040 1130 1106 sal·

148 1167 312 1246 rabimur,
336 1165 499 1255 justificati
525 1188 608 1231 nunc
640 1175 697 1255 pc'r
728 1163 802 1253 Ejus
821 1165 1035 1253 sauguinem.''
1083 1163 1130 1229 De

49 1301 53 1307 '
96 1283 100 1309 ⁶
138 1284 246 1354 'hocce
266 1287 408 1378 judicio,
438 1285 521 1370 quod
548 1287 606 1351 sub
630 1285 726 1350 linem
745 1283 859 1349 saeculi
879 1283 954 1348 XIV
973 1282 1128 1348 adventu·

148 1431 218 1473 rum
237 1406 307 1474 esse'
319 1407 527 1496 conjiciebat,
552 1406 614 1471 sibi
633 1406 816 1497 persuasisse
835 1402 957 1470 ridetur
975 1402 1129 1470 vaticiniis
1227 1453 1229 1458 .

147 1528 330 1594 Abbatissae
349 1525 545 1616 Hildegardis
565 1539 596 1592 et
617 1526 747 1592 Abbatis
764 1525 962 1609 Joachimisl.

189 1651 280 1718 Patet
301 1647 428 1739 quidem
443 1669 479 1712 ex
495 1645 555 1715 hoc
573 1648 688 1738 scripto
697 1694 706 1726 ,
723 1646 899 1713 Wicliffum
914 1643 974 1711 hac
987 1643 1127 1710 vitasse-1

120 1770 124 1779 “
144 1780 207 1837 tate
226 1769 442 1860 superstitione
461 1769 528 1835 aeri
546 1769 809 1860 opinionibusque
823 1769 926 1835 minus
944 1768 1022 1834 sanis
1040 1764 1125 1832 haud

145 1891 236 1978 fuisse
251 1891 421 1956 immunem
432 1914 441 1971 3
454 1904 485 1956 at
494 1912 567 1956 rero
576 1891 668 1956 simul
679 1913 782 1956 sensus
797 1889 957 1978 religiosus
973 1901 1004 1953 et
1017 1909 1126 1952 mora·

143 2010 202 2091 llo,
227 2033 322 2101 quem
339 2011 501 2100 expromit
513 2010 657 2088 libellus,
683 2010 782 2096 qualis
801 2022 878 2074 esset
897 2008 1055 2074 Wicllffus
1071 2009 1126 2073 fu·

143 2143 251 2209 turus,
276 2130 452 2218 significare
472 2127 662 2199 ridebatur„
696 2127 791 2193 Porro
812 2127 1123 2194 animadvertendum

144 2262 210 2329 est,
223 2255 360 2339 primo,
379 2248 557 2327 hominem,
572 2248 745 2314 luxuriante
755 2247 916 2338 phantasiis
926 2247 1102 2338 praeditum
1112 2299 1123 2331 ,

87 2462 90 2466 ι
141 2384 177 2436 ut
196 2369 255 2436 hac
268 2371 440 2450 abutatur,
457 2370 614 2460 religionis
629 2368 738 2435 ardore
755 2368 890 2458 quodam
906 2381 937 2434 et
952 2368 1122 2435 ambitione

142 2490 233 2556 facile
257 2491 359 2580 abripi
384 2504 492 2580 posse:
520 2490 661 2568 deinde,
681 2489 849 2554 invaluisse
864 2489 924 2555 illis
943 2488 1053 2556 diebus
1071 2490 1122 2554 la-

142 2611 259 2677 naticas
288 2610 469 2700 opiniones,
504 2608 542 2675 dc
572 2609 702 2689 Seiani,
720 2609 806 2673 mille
827 2607 914 2674 annis
937 2608 969 2673 in
991 2610 1122 2677 vinculis
1197 2651 1211 2673 -.

139 2719 268 2802 habito,
293 2742 376 2785 nunc
391 2733 499 2785 autem
519 2719 559 2785 ob
580 2706 753 2787 unirermm
771 2720 928 2786 Ecclesiae
945 2723 1120 2810 corruptio·

136 2863 207 2906 nem
237 2840 335 2906 soluto
363 2853 394 2905 et
423 2838 599 2921 saeviente,
634 2839 735 2929 deque
760 2839 887 2930 puriore
913 2855 1018 2908 tamen
1043 2865 1118 2908 acro
1166 2844 1169 2849 ’

135 2975 219 3027 certe
244 2955 472 3059 exspectapdo,
492 2962 579 3050 cujus
598 2962 698 3050 spatio
718 2962 856 3029 Ecclesia
876 2963 1044 3052 spiritualis
1064 2966 1117 3029 in-

135 3083 319 3151 valesceret:
346 3081 478 3174 tandem
489 3127 500 3160 ,
521 3081 606 3149 omni
624 3081 689 3146 fere
709 3094 849 3172 tempore
868 3082 1010 3149 homines
1030 3085 1117 3153 cala·
1198 3115 1200 3119 ·

135 3203 259 3301 mitetes
289 3204 426 3291 ingentes
444 3199 588 3267 habuisse
607 3200 753 3269 Numinis
771 3201 892 3284 divini,
912 3204 957 3270 iri
975 3213 1117 3272 aestuan-

142 3378 427 3397 m

166 3489 176 3523 ¹
194 3485 252 3537 Vid.
270 3484 349 3551 liujus
365 3485 432 3549 disq.
451 3485 597 3537 Introrsus.
609 3501 668 3552 pag.
685 3483 711 3536 7.
730 3510 765 3524 -
782 3485 923 3536 Jobsleus
941 3486 1032 3537 laudat.
1045 3473 1143 3541 etiarn*

106 3610 108 3616 ,
172 3613 173 3616 ,
198 3570 303 3619 titulum
336 3570 410 3631 libri,
449 3587 525 3635 quem
560 3571 690 3620 Wicliffus
713 3570 863 3636 scripserit:
893 3571 928 3620 Iss
949 3574 1120 3638 prophetiam

200 3650 388 3727 bildeqards‘s,
419 3656 494 3721 cujus
518 3656 619 3704 initium
645 3661 701 3708 estc
728 3656 814 3707 Beata
833 3653 909 3722 sirpo
932 3657 1120 3723 Bildcqurds‘n

115 3772 119 3780 ·
199 3737 278 3802 cujas
302 3737 382 3797 boas,
411 3746 482 3789 ctos
502 3735 580 3791 Ceut.
607 3738 634 3787 6.
661 3756 687 3806 p.
714 3739 775 3789 tot.
802 3738 1121 3806 Cs.1,owis,pap.163.

199 3820 300 3882 Habet,
320 3819 448 3872 Memos'ss
466 3826 518 3874 etc.
538 3840 565 3890 p.
585 3823 656 3873 XLV.
678 3850 710 3862 -
730 3826 835 3893 Saepius
849 3826 881 3876 de
896 3825 944 3875 hac
963 3826 1054 3889 spiritu
1079 3825 1120 3875 di·

195 3907 255 3956 rino
272 3905 342 3955 tacti
359 3906 446 3972 puellb
459 3907 562 3958 loeutus
576 3911 615 3958 cst
629 3909 773 3971 Wioliffus,
793 3925 817 3962 e.
830 3927 856 3975 g.
867 3909 895 3959 in
906 3908 991 3959 Tetal.
1007 3908 1061 3960 Lib.
1072 3909 1118 3962 tv.

197 4008 222 4045 c.
238 3991 289 4053 26,
309 3977 380 4040 alibi.
399 3982 602 4044 'Observandum
620 3997 800 4056 est,ssnctam
808 3993 1119 4060 llilslepurslimrenerstos
1192 4047 1199 4063 ¹

199 4091 302 4140 quoque
321 4075 399 4126 luisse
417 4076 523 4129 nussum
536 4112 550 4143 ,Ι
563 4080 775 4146 aliosquegrares
784 4081 1120 4148 illorumtcmporumriros.
