2586 4718
616 286 679 369 sv'

77 548 81 561 ’
142 524 318 610 Wiolillus,
353 519 473 586 virilem
504 519 655 608 ingressus
675 530 830 597 aetatem,
855 518 1003 583 continno
1022 540 1123 585 mores

143 643 327 722 emendare,
362 641 494 706 maxime
522 639 729 719 elericorum,
753 638 951 729 quorumvis
970 638 1003 703 in
1021 662 1123 730 popu·

142 767 206 832 lom
225 787 335 855 magna
357 775 444 842 erat,
468 761 528 827 sibi
550 761 731 851 proposuit:
759 761 845 849 eujus
865 759 1019 850 propositi
1038 781 1122 825 erse-

140 887 258 978 quendi
277 883 491 976 opportunitas
510 881 661 972 ejusmodi
683 881 712 946 ei
733 880 827 947 luisse
845 878 979 948 videtur.

189 1129 273 1195 llum
301 1125 534 1216 disciplinarum
562 1123 665 1191 studio
699 1121 823 1189 deditus
851 1136 918 1189 erat
943 1122 1102 1191 Wielillns
1113 1171 1123 1203 ,

143 1262 276 1337 grassata
302 1260 349 1312 est
367 1245 466 1334 gravis
488 1245 665 1335 pestilentia
683 1266 740 1335 per
759 1257 856 1310 totam
869 1241 1033 1332 ¹alnqliam.
1081 1243 1149 1308 Er·

118 1376 123 1384 '
145 1366 273 1435 Oriente
290 1366 437 1456 processit
456 1364 496 1430 ad
514 1365 692 1454 Europam,
711 1365 848 1454 primum
867 1362 1126 1443 meridionalem,

144 1500 212 1554 turn
250 1485 468 1558 occidentales,
489 1486 652 1576 occupavit
680 1497 805 1576 partes,
841 1498 872 1551 et
900 1484 1022 1552 transiit
1053 1497 1128 1550 tan·
1173 1536 1177 1541 .

142 1605 213 1674 dem
234 1606 273 1672 ad
295 1606 563 1698 septentrionales.
610 1606 772 1695 Progressa
800 1590 905 1671 etiam
919 1605 950 1670 in
980 1605 1126 1695 Angliam

143 1749 223 1794 anno
246 1731 355 1807 1348,
383 1726 542 1795 ,Oronium
571 1727 812 1816 sequentianno
830 1727 994 1816 pervenit,
1018 1725 1129 1815 ibique

141 1858 303 1939 tantopere
331 1848 460 1930 saeviit,
493 1860 527 1915 ut
556 1822 793 1915 occluderentur
823 1847 998 1914 scholarum
1025 1847 1127 1926 fores,
1179 1931 1181 1940 ,

141 1971 297 2058 Aulasque
317 1984 349 2035 et
367 1967 503 2058 collegia
518 1968 657 2034 morbidi
684 1981 715 2034 et
733 1965 914 2032 moribundi
933 1966 1127 2048 incolerent,

143 2090 192 2156 vir
221 2087 299 2155 adeo
329 2100 542 2176 superessent,
573 2086 627 2174 qni
647 2087 678 2151 in
696 2085 913 2154 defunctorum
938 2087 1030 2153 lunus
1048 2110 1129 2177 pro·

145 2208 248 2273 dirent
268 2217 295 2277 ¹.
351 2207 464 2272 Terrae
502 2206 626 2298 insuper
653 2219 756 2274 motus
784 2208 986 2299 continuique
1015 2209 1130 2274 imbres

146 2342 295 2395 terrorem
332 2350 576 2418 quaquaversum
614 2332 681 2418 jam
724 2340 897 2419 sparserant
933 2349 991 2416 per
1029 2327 1131 2393 Euro·

69 2528 71 2534 Ι
136 2451 230 2540 pam.
278 2449 349 2518 Non
377 2449 493 2514 mirum
523 2449 619 2539 igitur
633 2496 644 2530 ,
678 2449 704 2514 si
726 2448 868 2514 homines
893 2449 985 2538 panlo
1005 2448 1131 2537 gravio·

44 2539 49 2551 .
144 2593 215 2651 res,
250 2583 294 2636 tot
321 2569 411 2635 malis
437 2570 651 2660 perterrefacti
663 2617 674 2650 ,
707 2590 830 2634 cansam
860 2570 1067 2659 quaesiverint
1097 2570 1131 2635 in

144 2691 212 2757 aevi
241 2690 324 2756 vitiis
342 2703 373 2756 et
391 2713 515 2756 morum
527 2690 753 2781 ,depravatione
765 2692 928 2781 ,propter
949 2713 1029 2781 quae
1047 2692 1129 2758 Deus

141 2833 235 2902 genus
263 2809 433 2877 humanum
464 2810 641 2878 istiusmodi
669 2812 779 2901 poenis
811 2812 974 2902 affligeret.
1022 2812 1129 2902 Papa,

143 2955 312 2999 asseverans
355 2932 434 2998 haee
475 2931 578 2998 omnia
615 2945 746 3022 propter
782 2947 911 3022 peecata
949 2931 1130 2998 hominibus

62 3053 65 3056 ’
142 3054 288 3135 evenire,
320 3054 425 3120 literas
452 3053 538 3119 misit
568 3052 607 3118 de
637 3076 715 3143 paee
739 3051 942 3119 eoncilianda
973 3054 1055 3118 inter
1080 3074 1154 3119 re·.

143 3198 202 3266 gna
240 3173 371 3265 Angliae
400 3186 431 3240 et
458 3173 600 3253 Galliae,
635 3186 669 3239 nt
699 3175 743 3239 sio
780 3150 947 3239 evaderent
973 3172 1129 3239 vindicem

69 3331 77 3350 ι
141 3294 202 3363 Ilei
231 3294 400 3364 dexteram.
449 3294 604 3380 Quocirca,
632 3292 797 3360 Eduardns
826 3294 875 3360 111
896 3292 1037 3360 inducias
1056 3294 1130 3361 lecit

143 3437 214 3480 cnm
244 3417 390 3506 Philippo
420 3404 553 3484 Valesio.
602 3415 720 3493 Erant,
746 3414 801 3503 qui
829 3415 981 3480 luxuriam
1009 3416 1040 3481 in
1061 3439 1131 3482 ves-

62 3600 64 3602 ,
145 3535 206 3601 titu
226 3536 450 3617 immodicam,
475 3537 509 3601 in
539 3559 632 3626 quarn
661 3549 735 3602 tuno
768 3537 886 3603 nobiles
915 3556 946 3602 et
975 3538 1130 3618 olerioi²‚

384 3704 467 3716 n...-

175 3795 261 3846 lvid.
281 3794 461 3864 wood‚·tib.
480 3796 502 3846 1.
531 3812 556 3862 p.
584 3794 643 3848 l7l.
672 3823 703 3833 -
735 3797 884 3861 Knyghlon.
901 3815 928 3864 p.
954 3798 1024 3847 2598
1043 3813 1082 3860 sq.
1102 3823 1135 3835 -

205 3879 295 3931 Thom.
310 3880 495 3944 Wnlsinghnmi
512 3880 583 3951 dist.
598 3879 677 3946 Arapl.
696 3898 722 3948 p.
744 3883 802 3932 168.
826 3910 857 3920 -
888 3885 899 3919 2
916 3883 1051 3932 Scholarer
1067 3899 1134 3946 qno·

207 3982 258 4031 qne
277 3967 431 4018 oxonienses
457 3968 505 4017 buo
530 3968 556 4017 in
574 3984 601 4018 re
630 3967 727 4018 elerum
745 3968 914 4032 Anglioannm
930 3983 985 4019 erse
1005 3968 1136 4031 imitatos,
1177 3993 1180 3999 ·
1210 3982 1213 3987 ·

208 4052 310 4118 scripsit
329 4051 454 4102 Woodins
471 4053 518 4101 sub
536 4069 577 4103 an.
598 4051 674 4103 1343.
