2586 4718
617 331 677 393 251

106 573 109 579 ’
156 549 326 618 bliothecas
345 545 498 613 indefesso
515 542 622 609 labore
641 555 849 632 perscrutatus
868 554 932 623 cst,
957 545 1137 634 summaque

158 692 229 738 cum
250 668 411 758 diligentiis
430 666 462 732 iu
482 687 575 756 opera
592 663 685 734 MSS.
700 664 835 733 Wicliffi
850 665 1027 755 inquisivit,
1043 679 1137 755 atquc

159 815 231 859 cum
258 790 392 871 horum,
423 800 490 854 tum
517 787 687 883 librorum,
711 787 767 878 qui
787 787 869 877 typis
888 785 1029 853 mandati
1047 799 1139 869 sunt,

158 912 308 981 eximium
327 909 415 977 dedit
435 918 634 999 conspectum
647 918 674 980 1.
723 909 802 975 Tum
816 918 919 998 partes
933 906 1087 997 quaedam
1104 929 1140 974 er

157 1034 280 1126 scriptis
298 1033 438 1123 Anglicis
461 1029 596 1099 Wicliffi
618 1053 718 1122 nuper
735 1031 893 1120 evulgatae
912 1028 1029 1096 suntin
1049 1052 1142 1120 opus·

157 1156 248 1238 culo,
281 1152 367 1246 quod
397 1153 518 1243 saepius
558 1136 744 1234 citavimus,
783 1154 975 1227 asocietate
1005 1149 1141 1241 quadam

155 1274 295 1364 religiosi
314 1272 451 1342 Londini
469 1271 566 1344 edito.

205 1396 294 1463 Libri
321 1394 455 1465 Wicliffi
482 1394 596 1478 MSS„
631 1395 686 1485 qui
713 1395 804 1484 longe
832 1396 984 1485 majorem
1011 1415 1142 1485 operum

158 1528 281 1606 partem
299 1516 512 1597 constituunt,
532 1528 723 1583 asservantur
742 1516 774 1582 in
794 1514 996 1587 bibliothecis
1014 1515 1142 1606 potissi·

157 1658 247 1710 mum
274 1637 406 1726 Angliae
435 1651 466 1705 et
490 1616 706 1707 Hiberniae²=
734 1659 850 1728 paucos
870 1637 960 1718 illos,
985 1638 1041 1727 qui
1060 1637 1142 1727 typis

155 1758 295 1827 mandati
313 1760 456 1841 fuerunt,
475 1759 510 1824 in
528 1761 632 1828 nostrai
651 1759 868 1850 disquisitione
886 1761 1142 1831 memoravimus.

155 1869 251 1949 Inter
273 1879 367 1951 MSS.
398 1881 459 1946 alia
487 1900 551 1946 essa
578 1879 740 1948 dicuntur.
758 1878 832 1947 satis
864 1881 988 1971 ampla,
1018 1880 1142 1946 brevis·

157 2002 236 2069 sima
254 2002 326 2071 alia.
1153 1983 1157 1991 ⁵

203 2122 328 2212 Scripta
346 2122 412 2214 ejus
430 2119 574 2184 universe
592 2116 693 2184 dividi
717 2140 806 2208 posse
836 2118 982 2188 videntur
1009 2121 1044 2189 iu
1062 2121 1145 2212 plri-

158 2241 327 2331 losoplricc
354 2252 386 2306 ct
405 2241 604 2332 theologica.
652 2237 890 2331 Philosophiea,
912 2264 993 2333 quae
1015 2244 1145 2334 proprie

159 2373 254 2451 agunt
288 2360 327 2426 de
364 2362 456 2428 variis
483 2361 672 2452 argumentis
702 2359 886 2452 disciplinae
919 2361 1142 2448 scholasticae,

158 2494 269 2549 cuncta
289 2482 324 2548 iu
343 2483 543 2550 bibliothecis
559 2483 670 2553 latent.
710 2481 898 2572 Theologica
913 2506 1024 2555 rursus
1038 2483 1145 2552 distri·
1200 2527 1201 2530 =

156 2603 213 2669 bui
233 2617 359 2695 possunt
376 2604 409 2668 in
431 2604 547 2695 scripta
572 2602 744 2694 ejusmodi,
770 2627 852 2695 quae
871 2605 1141 2692 ineruditorum,

166 2788 478 2803 ——qt———u——n

188 2887 198 2924 ¹
223 2887 281 2938 Vol.
308 2888 345 2938 11.
371 2905 398 2954 p.
425 2887 477 2940 379
504 2904 563 2953 sqq.
605 2890 720 2940 Evmdem
742 2894 911 2958 conspectum
936 2892 968 2943 ad
990 2893 1088 2944 calcem
1107 2893 1149 2943 sui

221 2973 305 3039 operis
329 2972 426 3036 adjecit
451 2964 481 3024 C.
506 2975 551 3026 W.
576 2975 611 3024 be
629 2977 686 3038 Bas.
705 3001 737 3012 -
757 2976 789 3024 ln‘
807 2977 892 3037 locis,
912 2993 976 3040 quoa
991 2978 1148 3041 Vsugbauus

222 3073 253 3107 ex
268 3057 371 3123 scriptis
384 3055 492 3108 Wicliffi
509 3059 624 3121 Anglicis
641 3061 859 3120 communicavit,
877 3061 1059 3126 orthographia
1067 3067 1094 3111 et
1101 3077 1148 3110 vo·

220 3142 313 3191 cabula
332 3143 457 3205 quaedam
478 3141 594 3191 obsoleta
613 3143 747 3193 immutata
764 3149 835 3192 sunt.
986 3197 988 3201 ,

186 3225 197 3261 ²
222 3223 332 3275 Wictiffi
354 3238 435 3290 ‘opera
466 3225 533 3276 1158.
563 3226 729 3292 reperiuntur
761 3227 869 3277 Londini
904 3243 963 3277 cum
999 3229 1026 3279 in
1060 3230 1147 3278 Museo

220 3312 389 3371 Britannico,
420 3312 489 3374 quod
519 3311 585 3362 Bibl.
611 3313 735 3375 Regiam,
766 3306 876 3361 collect.
905 3313 1008 3361 Cotton.
1031 3318 1059 3363 et
1078 3316 1145 3366 MSS.

220 3395 290 3446 Harl.
317 3397 424 3446 maxime
441 3396 577 3456 continet,
598 3399 654 3446 tum
674 3397 701 3445 in
719 3394 785 3446 Bibl.
804 3395 994 3461 Lambsthant3
1011 3399 1102 3449 oxonii
1119 3401 1147 3450 in

222 3480 388 3534 celeberrima
404 3483 545 3550 coatejana
562 3481 641 3544 Bibl,
663 3480 709 3531 ubi
722 3481 800 3532 bodie
819 3480 917 3542 28‚000
934 3484 1001 3533 1188.
1012 3482 1148 3536 asservan-

222 3565 283 3627 tur;
302 3552 479 3633 G‘antabrigiae
495 3567 521 3616 in
537 3568 602 3618 coll.
619 3569 696 3636 corp.
710 3569 781 3632 Chr.;
799 3567 905 3619 Ilublini
921 3569 947 3619 in
958 3571 1023 3623 Goll.
1034 3572 1103 3623 ltin.
1113 3597 1145 3609 -

223 3645 302 3696 Porro
323 3654 406 3700 exstat
424 3652 546 3701 collectio
561 3652 685 3716 quaedam
704 3669 809 3718 operum
824 3654 891 3703 llSS.
909 3655 1017 3706 Wicliffi
1033 3658 1060 3706 in
1076 3655 1144 3708 Bibl.

221 3729 278 3781 Pel.
308 3734 491 3789 l'iudcbonaes
519 3741 547 3787 et
573 3738 685 3788 ioannes
714 3738 865 3789 llabillonus
898 3739 925 3789 in
960 3757 1006 3791 suc
1040 3743 1146 3794 Itinera

221 3813 321 3866 Italico
333 3819 430 3881 refert,
449 3838 476 3871 sa
494 3822 586 3872 vidisse
602 3821 629 3870 in
643 3822 714 3874 Bibls
726 3824 895 3874 Laurentisne
909 3826 1054 3879 Florentiae
1068 3825 1152 3896 opera'
1202 3893 1204 3896 y

220 3902 345 3952 nonnulla
363 3903 470 3956 Wicliffi
486 3908 554 3960 MSS.
573 3907 625 3958 vid.
647 3907 705 3973 ejus
722 3907 846 3958 Murcum
864 3908 1013 3972 Italicum,
1033 3913 1104 3966 Tom.
1120 3916 1143 3966 1.

221 4002 249 4121 q.
271 3984 330 4121 ¹6}
350 4013 383 4026 ·-
402 3989 442 4042 Gs.
462 3992 538 4043 etiam
556 3993 662 4044 Gustavi
680 3994 775 4045 lleenel
796 3993 884 4048 (latui.
907 3995 1051 4050 librorum
1063 3999 1143 4052 MSS.

241 4073 288 4140 ips.
324 4074 386 4127 830.
