2586 4718
556 302 619 363 249

100 517 285 606 pulcerrime
324 516 517 605 conscripta,
558 516 651 581 bullis
696 516 797 582 aureis
837 519 1083 607 tegumentisque

100 637 243 729 pretiosis
272 648 376 703 ornata
388 683 399 717 ,
426 635 465 701 ad
486 637 667 704 incendium
688 637 874 727 conquisivit
891 645 918 709 ¹.
967 636 1085 724 Quodsi

101 759 301 850 inspiciamus
324 761 496 849 catalogum
523 759 674 854 librorum
698 762 784 849 ejus,
806 773 875 851 post
894 759 958 827 fata
977 781 1085 850 super·

102 880 233 962 alitum,
262 879 452 948 demiramur
472 881 612 972 profecto
622 932 633 963 ‚
652 882 774 964 virum,
797 880 959 972 permultis
978 880 1084 946 variis·
1173 942 1175 947 ⁴

105 980 166 1090 que
201 1001 333 1091 negotiis
365 1014 397 1069 et
428 999 513 1068 haud
541 1025 613 1069 sane
643 978 810 1092 tranquillo
839 979 966 1069 vivendi
994 1022 1085 1068 cursu

101 1121 307 1212 implicitum,
326 1135 372 1190 tot
390 1121 549 1191 doctrinae
565 1136 766 1191 monumenta
784 1137 853 1215 post
870 1146 901 1191 se
913 1122 1085 1214 reliquisse.

105 1243 191 1328 Quae
218 1267 291 1312 uero
320 1247 528 1328 interierunt,
559 1239 700 1337 quartam
728 1258 850 1314 tantum
875 1249 940 1338 ejus
958 1267 1088 1336 operum

99 1380 220 1455 partem
249 1368 464 1452 constituisse,
498 1382 592 1459 atque
620 1367 660 1435 de
687 1368 876 1458 argumentis
905 1366 1087 1457 disciplinae

98 1486 297 1554 scholasticae
312 1488 377 1555 fere
393 1489 484 1556 unice
499 1491 595 1580 egisse
610 1491 765 1560 feruntur.
798 1488 960 1579 Imprimis
981 1485 1085 1553 studio

100 1619 131 1673 et
160 1609 253 1698 operd
280 1607 497 1676 Lollardorum
517 1611 635 1677 factum
656 1624 702 1677 est
713 1658 726 1694 ,
745 1623 781 1677 ut
800 1608 930 1701 plurimi
948 1606 1083 1676 Wicliffi

25 1787 37 1808 ,
101 1726 174 1792 libri
209 1730 321 1796 servati
356 1729 436 1799 sint:
471 1752 606 1822 namque
636 1732 758 1798 saeculo
788 1731 848 1798 XV
878 1727 965 1795 haud
994 1727 1088 1820 pauci

103 1860 210 1914 contra
228 1847 313 1918 Cleri
340 1849 523 1919 mandatum
553 1850 610 1919 hos
629 1852 726 1919 libros
745 1851 806 1918 sibi
824 1848 1089 1917 confidentissime

102 1968 300 2052 retinebant,
331 1993 445 2061 eosque
474 1973 608 2038 multum
636 1967 892 2037 transcribendos
922 1968 1086 2042 curabant.

101 2088 195 2158 Unde
230 2090 352 2156 saeculo
385 2087 489 2155 adhuc
518 2089 592 2157 xvl
623 2068 685 2156 non
715 2088 809 2157 modo
839 2090 874 2155 in
892 2070 1087 2174 britannici,

100 2230 209 2274 rerum
237 2221 270 2273 et
297 2210 330 2275 in
361 2209 550 2292 Germanii,
571 2209 708 2314 Wicliflt
726 2211 841 2303 scripta
860 2211 1044 2302 legebantur
1054 2221 1082 2284 ².

100 2327 204 2412 Quum
232 2341 337 2396 autem
365 2330 544 2423 apographa
567 2327 630 2400 non
649 2333 716 2400 sine
738 2333 838 2399 multo
866 2330 1027 2423 impendio
1055 2346 1085 2400 et

98 2449 205 2516 labore
240 2451 354 2518 confici
384 2432 529 2542 possent,
560 2451 779 2519 Lollardorum
808 2452 934 2542 patroni
950 2451 1085 2542 'praeci-

97 2593 161 2661 pua
187 2571 247 2660 sibi
277 2593 383 2638 curam
414 2586 610 2654 sumserunt,
642 2585 676 2640 ut
695 2571 830 2642 Wicliffi
849 2593 944 2662 opera
964 2570 1083 2639 descri-

48 2754 51 2760 .
98 2690 249 2759 berentur
269 2700 296 2764 ³.
1023 2676 1026 2683 “

142 2811 275 2880 Saeculo
300 2811 428 2879 demum
450 2815 525 2882 xvl
536 2865 547 2898 ,
569 2838 605 2883 ex
626 2817 772 2908 operibus
792 2813 1009 2884 Wicliffiduo
1028 2835 1083 2882 vo·

95 2931 214 2998 lumina
225 2979 236 3013 ,
271 2932 456 3026 Tra‘alogus
488 2938 553 3026 ejus
583 2951 614 3005 et
648 2937 832 3020 ostiolum,
861 2936 945 3027 typis
973 2957 1082 3002 excusa

96 3052 223 3120 luerunt
256 3053 288 3118 in
324 3055 490 3121 Germanici
502 3104 513 3137 ,
549 3057 617 3146 ipso
658 3056 712 3123 illo
752 3070 893 3146 tempore
905 3105 916 3138 ,
946 3077 1008 3145 quo
1036 3054 1083 3119 ibi

94 3195 186 3241 causa
220 3174 463 3240 Reformationis
497 3174 619 3241 fortiter
654 3175 803 3265 agebatur
832 3187 927 3264 atque
955 3175 987 3239 in
1016 3172 1083 3241 dies

96 3294 356 3363 corroborabatur
376 3295 486 3383 magis.
524 3295 636 3361 Baleus
648 3345 658 3376 ,
690 3294 887 3384 antiquitatis
917 3293 1082 3360 Britanni-

98 3435 153 3480 cae
172 3429 381 3506 perscrutator
411 3414 688 3505 diligentissimus,
717 3415 778 3483 hoo
798 3392 924 3507 quoque
944 3438 1017 3483 aevo
1037 3415 1082 3482 li-

96 3533 226 3599 brorum
264 3536 399 3604 Wicliffi
433 3535 526 3608 MSS.
563 3537 686 3628 longam
719 3537 819 3605 edidit
847 3537 965 3606 'seriem
976 3585 988 3622 ,
1018 3539 1080 3631 qud
1108 3611 1114 3618 ,

126 3777 135 3812 1
161 3776 262 3828 baleus.
281 3779 355 3830 cent.
374 3781 401 3834 6.
420 3798 446 3848 p.
464 3779 527 3832 tte.

13 3875 15 3879 ¹
125 3860 137 3896 ²
162 3861 216 3910 Hoc
237 3864 347 3912 testatur
365 3869 405 3914 art
424 3866 559 3916 Lelandur.
595 3866 654 3919 vid.
675 3869 742 3936 apud
759 3870 902 3924 lanitium.
920 3887 948 3936 p·
968 3867 1048 3920 XXII.

128 3948 138 3982 ³
163 3946 290 4012 Imprimis
305 3964 391 4006 curam
405 3951 483 4017 hnjur
495 3953 532 4002 rai
546 3951 665 4003 habuisse
679 3954 773 4007 dicitur
784 3957 906 4007 Dominus
918 3954 949 4005 de
961 3951 1081 4004 Gobhdnr.

158 4030 217 4084 vid.
238 4032 369 4098 Vaughan.
389 4035 447 4089 Vol.
467 4037 503 4090 11.
523 4055 549 4105 p.
570 4037 622 4088 364
637 4055 677 4103 aq.
