2586 4718
596 294 711 404 12⁸0

196 539 312 618 minis,
337 533 543 623 disciplinae,
562 530 743 609 doctrinae,
770 551 947 598 sacrorum:
969 541 1063 618 atque
1083 529 1176 620 hujus
1240 558 1243 561 ·

197 655 425 734 reformationis
454 652 643 745 principium
672 665 738 718 erat
762 665 793 718 et
813 649 1051 716 fundamentum
1072 649 1177 718 Codex

198 804 306 859 sacer,
340 780 426 867 cujus
454 774 670 845 auctoritatem
690 773 813 862 agnovit
832 773 935 838 unice.
982 771 1175 854 Ecclesiam,

199 901 238 968 de
267 903 333 990 ejus
360 897 510 964 senteutid
521 945 531 977 ,
564 917 626 961 non
648 892 877 961 constituebant
895 893 978 985 Papa
998 906 1028 960 et
1048 870 1158 960 Glerus
1168 943 1178 974 ,

199 1021 254 1090 sed
273 1042 378 1091 omnes
397 1017 560 1098 homines,
580 1017 634 1106 qui
653 1015 729 1082 Jesu
751 1013 874 1081 Christo
893 1012 988 1079 fidem
1006 1013 1179 1083 habebant.

201 1143 313 1209 Eversi
332 1140 425 1230 igitur
445 1136 630 1205 llierarchid
646 1150 677 1204 et
695 1136 821 1203 sublatis
836 1135 925 1202 bonis
940 1137 1182 1226 temporalibus,

202 1284 266 1330 csse
290 1262 342 1327 illa
362 1259 496 1327 debebat
517 1259 662 1339 societas,
681 1270 749 1325 tum
768 1257 929 1346 religiosa,
948 1270 1013 1323 tum
1034 1258 1184 1338 moralis,

203 1382 334 1474 imperio
358 1381 442 1447 cirili
463 1380 623 1471 subjecta,
647 1381 733 1470 cujus
751 1380 826 1446 socii
846 1376 1061 1446 tantummodo
1081 1373 1183 1457 Codi-

202 1526 270 1571 cem
290 1523 411 1571 sacrum
429 1501 505 1567 fidei
520 1503 637 1570 fontem
653 1522 839 1590 morumque
853 1521 995 1566 normam
1010 1497 1183 1582 haberent,

202 1638 234 1692 et
263 1625 295 1690 in
317 1623 376 1712 quai
395 1635 617 1712 peragerentur
637 1644 721 1688 sacra
741 1623 860 1687 summi
878 1642 950 1686 cum
970 1620 1181 1711 simplicitate.

203 1744 367 1813 Antistites
387 1757 491 1810 autem
510 1755 543 1809 et
563 1740 704 1809 doctores
725 1742 757 1807 in
776 1740 835 1808 hae
855 1742 1000 1809 societate
1019 1743 1184 1832 oportebat

203 1866 289 1933 omni
314 1863 492 1932 auctoritati
521 1861 553 1930 iu
579 1887 628 1932 res
648 1863 753 1948 civiles
773 1863 974 1943 renuntiare,
994 1875 1088 1952 atque
1107 1875 1186 1929 totos

204 1982 268 2056 esse
295 1988 329 2053 in
357 1987 460 2055 officio
490 2009 544 2054 suo
571 1985 749 2077 spirituali,
769 1984 949 2051 homiuibus
966 1985 1185 2050 annuntiantes

203 2109 358 2199 imprimis
373 2108 579 2197 Euangelium
587 2155 598 2187 ,
615 2128 710 2197 seque
725 2108 807 2196 ipsos
822 2106 903 2172 ritae
919 2105 1081 2172 sanctitate
1098 2128 1185 2173 oom-

203 2227 398 2297 mendantes.
464 2227 580 2314 Quodsi
609 2232 678 2318 jam
691 2290 694 2299 ,
709 2228 890 2316 quaeritur,
918 2224 1076 2316 quomodo
1104 2225 1188 2294 hano

204 2349 458 2417 reformationem
485 2347 608 2430 efficere
638 2347 791 2428 voluerit,
822 2347 1027 2415 ridetur'non
1046 2347 1107 2414 boc
1126 2349 1187 2415 sibi

203 2471 419 2561 proposuisse,
453 2483 488 2537 ut
516 2470 706 2560 relinqueret
726 2468 897 2535 Ecclesiam
916 2468 1187 2536 Romano-'catho-

128 2663 131 2668 Α
205 2592 310 2664 licam,
329 2605 360 2656 et
396 2593 484 2680 jurta
511 2590 592 2656 hanc
620 2612 735 2658 novum
764 2589 945 2657 aedificium
983 2583 1188 2658 fundamento

145 2694 154 2744 J
206 2710 368 2798 Euangelii
385 2721 626 2800 superstrueret,
647 2710 702 2777 scd>
719 2713 924 2794 existimasse,
943 2712 1134 2803 possedon,
1153 2726 1189 2779 ut

207 2831 335 2920 antiqua
375 2830 428 2895 illa
456 2830 612 2911 Ecclesia,
644 2832 678 2896 in
704 2833 768 2921 qui
795 2855 898 2924 neque
913 2833 1031 2899 'omnia
1063 2855 1191 2924 prorsus

163 3022 168 3030 ,
208 2950 397 3031 damnabat,
436 2951 548 3016 sensim
581 2951 794 3042 paulatimque
827 2953 911 3022 vitiis
944 2967 1190 3045 expurgaretur,

209 3095 289 3163 quae
307 3071 441 3138 maxime
460 3085 529 3162 post
549 3084 681 3139 aetatem
702 3071 898 3142 Constantini
915 3075 1020 3166 Magni
1039 3076 1191 3166 temporis

209 3194 340 3260 decursu
368 3194 402 3258 in
429 3215 497 3258 eam
522 3192 723 3284 irrepserant.
775 3195 811 3264 Si
829 3196 1033 3289 Euangelium
1053 3197 1191 3263 fideliter

209 3315 447 3382 annuntiaretur
461 3327 556 3405 atque
572 3316 681 3405 religio
697 3315 872 3384 Christiana
892 3319 923 3385 in
940 3319 1070 3386 urbibus
1078 3313 1192 3386 'denuo

210 3435 413 3502 collocaretur
434 3435 530 3527 inque
549 3436 684 3527 privatas
703 3435 813 3505 domus
831 3439 1103 3522 introduceretur,
1121 3453 1191 3506 tum

208 3558 411 3624 instauratum
442 3557 483 3624 iri
510 3558 640 3648 putabat
669 3559 839 3626 Ecclesiam
870 3563 1080 3651 apostolicam
1092 3609 1102 3643 ,
1137 3560 1194 3629 red

212 3679 477 3749 accommodatam
506 3680 592 3746 illam
622 3679 661 3747 ad
689 3683 758 3748 aeri
786 3682 952 3752 rationem.
1010 3682 1092 3768 Quid
1116 3704 1192 3749 tero

209 3805 311 3869 faeere
341 3804 374 3868 in
393 3802 496 3867 animo
516 3799 673 3870 habuisset
692 3801 873 3884 Wioliffus‘,
893 3805 918 3871 si
937 3804 1029 3896 Papa'
1041 3825 1113 3868 eum
1132 3826 1192 3868 er-

139 3977 140 3980 ,
208 3923 479 4002 communicasset,
509 3923 686 4010 (anathema
715 3923 799 3990 enim
819 3938 889 4016 post
906 3922 1189 3991 mortemdemum

207 4043 371 4112 solenniter
399 4056 594 4113 cortracum
615 4046 850 4136 pronuntiatum
871 4048 959 4135 suit),
981 4045 1089 4136 quaeri
1108 4046 1187 4144 qui7
