2586 4718
576 360 637 424 147
709 396 712 404 ·

107 576 160 640 bat
169 570 209 638 ad
219 572 393 663 simplicem
410 573 495 638 illam
506 570 685 662 cogitandi,
698 570 809 662 agendi
821 621 831 654 ,
842 573 1028 666 visendique
1038 599 1088 644 ra·

104 697 239 776 tionem,
257 717 337 784 quae
355 695 387 759 in
405 693 573 782 Euangelio
590 690 707 761 Christi
722 694 957 784 praescribitur.
991 697 1088 766 Istas

105 793 345 895 conclusiones,
363 817 408 882 ait
418 866 427 897 ,
449 815 593 880 dixerim
611 822 648 880 at
661 837 809 907 granum
816 816 907 904 fidei
914 866 924 897 ‚
942 839 1087 908 separo·

103 945 170 1002 laem
195 964 218 1004 a
233 940 360 1027 palei,
382 960 448 1026 qua
466 940 596 1028 ignitur
615 940 788 1028 ingratam
809 940 957 1019 lolliam,
978 939 1087 1028 quod,

98 1067 180 1147 post
193 1058 320 1147 florem
348 1057 480 1122 ruboris
505 1057 672 1124 oi'ndictae
692 1060 872 1148 foetentis,
889 1068 1001 1150 parat
1018 1083 1086 1165 paj

104 1179 212 1242 mlum
239 1216 286 1231 -·
309 1178 528 1248 Antichristo.
582 1177 686 1267 Cujus
713 1178 926 1269 (Antichristi)
951 1182 1087 1269 infalli-

103 1299 166 1363 otte
184 1308 234 1364 est
251 1303 399 1391 signam,
418 1299 508 1390 qaod
522 1309 639 1390 regnet
657 1303 695 1363 in
719 1300 818 1368 Claro
838 1315 991 1366 amenum
1006 1303 1089 1368 luci-
1184 1369 1185 1373 ,

93 1421 262 1508 J‘criaam,
282 1422 454 1512 superbia,
473 1425 655 1488 mussitans
673 1424 710 1485 in
724 1421 859 1486 libidine
874 1420 1088 1506 dominandi,

101 1540 196 1627 capas
223 1542 363 1629 capax,
389 1551 595 1608 terrenorum
620 1542 808 1633 cupiditas,
829 1553 977 1610 caoareet
985 1545 1088 1632 filios

39 1679 43 1684 “
100 1662 231 1727 diaboli
239 1713 249 1743 ,
281 1667 455 1729 casta‘atotis
468 1664 564 1750 filiis
583 1663 816 1755 Euangelioac
826 1669 1086 1755 paupertatis¹.
1132 1639 1134 1642 ‚

101 1784 273 1852 Iudicium
300 1808 377 1850 vero
403 1787 564 1851 ubertatis
583 1785 682 1872 lajas
694 1789 906 1876 propaginis
918 1788 1089 1876 probatur

101 1927 143 1970 ea
171 1905 251 1985 hoc,
280 1907 369 1996 quod
394 1909 494 1971 malti
509 1909 609 1970 ctiam
618 1904 697 1990 filii
705 1909 926 1994 paupertatis
944 1907 1088 1997 degene-

101 2048 156 2092 res
170 2031 291 2115 severit
314 2019 474 2114 loquendo
486 2073 496 2106 ,
510 2026 567 2089 oet
584 2023 723 2092 tacendo
734 2070 743 2102 ‚
756 2031 894 2113 partem
912 2024 1067 2112 Lumflri
1076 2075 1086 2108 ,

102 2168 165 2211 non
189 2148 357 2221 valentes,
382 2151 523 2207 autnon
541 2142 699 2207 audentes
712 2190 721 2222 ,
734 2151 881 2233 propter
899 2166 1007 2210 semea
1026 2145 1088 2212 lto-

101 2266 202 2327 miais
227 2265 366 2352 pcccati
397 2261 549 2349 injectum
577 2253 614 2326 ia
640 2263 817 2343 aordc’bas,
843 2274 904 2330 ant
931 2261 1109 2356 (propter).
1198 2267 1201 2271 ’

101 2385 253 2448 timorem
279 2384 433 2448 servilem
460 2382 502 2448 dc
523 2386 704 2448 amissione
722 2386 975 2473 temporalium,
995 2395 1089 2453 stare

95 2526 162 2596 pra
187 2504 628 2596 Eaasrgclicaipaupcrtate.
660 2479 812 2600 'Tantum
831 2516 937 2570 autem
958 2505 1085 2588 abfuit,

100 2639 135 2694 ut
157 2626 317 2695 Wicliffus
335 2646 411 2716 prae
429 2637 517 2691 metu
539 2639 571 2692 et
591 2625 711 2714 ignatii
733 2638 810 2691 tunc
830 2625 944 2715 placita
963 2626 1016 2693 illa
1034 2648 1085 2693 re·

97 2748 273 2828 vocaverit,
301 2764 381 2837 quae
406 2746 632 2837 impugnabant
648 2748 698 2813 rel
712 2747 846 2813 maxime
863 2747 1085 2817 Hicrarchiam
1182 2810 1184 2815 ,

97 2869 294 2949 Romanam,
322 2880 358 2934 ut
385 2889 422 2932 ea
453 2866 624 2934 defendere
644 2889 742 2958 usque
761 2866 802 2933 ad
820 2882 955 2935 mortem
973 2891 1006 2936 se
1023 2893 1085 2961 pc-

96 2999 199 3055 ratum
228 3010 293 3056 esse
321 2986 434 3055 dixerit
445 3037 457 3068 ,
484 2989 544 3054 nisi
571 2989 685 3055 erroris
703 2989 953 3058 convinceretur.
1000 2989 1084 3056 Nam

95 3111 225 3178 meliora
249 3109 374 3177 edoceri
398 3107 484 3180 haud
502 3107 674 3177 recusarit:
695 3107 863 3197 postulavit
882 3120 1026 3188 tantum,
1046 3122 1083 3176 ut

96 3231 234 3297 Ecclesia
266 3252 328 3296 non
365 3250 460 3294 msam
491 3228 708 3319 pronuntiaret
737 3228 920 3293 sententiam
932 3277 942 3308 ‚
974 3251 1082 3295 rerum

37 3332 40 3337 ’
97 3348 245 3442 dirigeret
257 3338 417 3440 judicium
436 3344 476 3414 ad
498 3349 688 3440 Euangelii
700 3369 849 3413 normam
857 3369 870 3427 ,·
887 3349 974 3438 cujus
989 3373 1080 3442 prae·

128 3566 286 3644 1¹ltcr'tsss
311 3593 473 3659 intelligendi
504 3592 624 3642 ridentur
656 3592 772 3642 homines
807 3594 953 3659 simplices,
982 3596 1083 3647 modes·

162 3678 203 3738 ti,
231 3682 347 3744 expertes
373 3677 534 3745 inexplebilis
562 3677 688 3726 honorum
713 3674 839 3743 cupidinis
864 3680 891 3726 et
915 3679 970 3727 auri
997 3694 1084 3730 sacrae

162 3761 253 3822 samis,
282 3777 346 3824 quos
370 3764 478 3831 opponit
503 3763 633 3813 Wicliffus
660 3763 763 3812 clericis
780 3762 837 3813 istis
855 3763 942 3823 ranis,
965 3763 1084 3812 ambitio-

161 3849 212 3908 sis,
232 3840 364 3913 superbis,
384 3846 421 3896 nil
438 3848 490 3897 nisi
506 3847 592 3898 inania
614 3845 781 3897 sectantibus.
821 3845 862 3895 Sic
879 3847 906 3894 in
924 3846 975 3894 hoc
994 3845 1083 3895 libello

4 3920 10 3929 ⁸
87 3935 90 3945 '
160 3931 256 3983 alicubi
275 3932 357 3982 dixit:
378 3930 433 3981 iias
442 3932 625 3984 conclusiones
634 3932 800 3996 imprimunt
809 3929 994 3979 mundialibus
998 3931 1084 3995 fidem

101 4022 104 4029 “
163 4015 284 4079 clarinti,
300 4032 335 4066 as
348 4017 555 4083 submerqcntur·
567 4018 598 4070 iss
611 4017 707 4083 pelops
721 4017 824 4067 saccati
840 4015 1010 4065 transeuntis
1025 4029 1086 4065 eam

162 4098 381 4172 concupiscentia
397 4093 475 4165 cias!
805 4098 808 4103 '
885 4100 887 4105 '

820 4203 849 4242 1c
863 4195 879 4226 ⁴
