2586 4718
627 317 688 381 179

163 533 215 600 sed
234 532 375 598 universe
393 529 471 597 haec
490 529 583 600 dixit:
613 530 692 598 »nd
712 543 850 598 nostrum
873 555 934 598 non
952 534 1017 600 sine
1032 531 1140 624 grandi
1236 565 1238 568 ’

163 652 359 744 displicentia
390 652 532 742 pervenit
561 650 724 732 auditum,
750 651 835 743 quod
867 690 904 704 -
933 655 1072 751 nonnulli
1098 693 1144 708 -

161 774 309 865 quasdam
337 774 497 852 haereses,
526 771 606 838 'olim
636 774 676 839 ab
706 773 843 840 Ecclesiai
873 773 1038 840 solenniter
1067 799 1142 842 con·

160 894 317 961 demnatas
329 944 339 975 ‚
367 893 415 959 his
444 892 577 971 diebus,
596 892 676 982 proh
704 891 809 960 dolori
830 894 979 961 innovant
990 943 1000 974 ,
1021 907 1053 960 et
1077 908 1141 961 tam

161 1017 195 1081 in
226 1017 283 1083 istt
310 1015 541 1094 Universitute,
571 1037 665 1103 qnam
695 1027 780 1081 ertra
793 1064 803 1095 ,
833 1014 959 1104 publice
987 1014 1140 1105 dogmati·

161 1149 231 1202 nant
244 1183 255 1217 ,
283 1134 345 1202 duo
375 1135 455 1200 iuter
484 1134 544 1200 alia
571 1133 757 1201 documenta
782 1135 932 1225 pestilera
953 1148 1139 1219 asserentes3

162 1257 286 1346 primo,
315 1257 348 1322 in
376 1266 566 1322 sacramento
595 1256 699 1322 altaris
726 1254 927 1323 substantiam
955 1256 1045 1345 panis
1070 1279 1144 1322 ma·

163 1377 280 1445 terialis
301 1373 341 1443 'et
368 1376 455 1459 nini,
486 1400 566 1467 quae
592 1376 678 1468 prius
697 1377 824 1448 fuerunt
843 1388 914 1442 ante
937 1377 1144 1444 consecratio-

161 1519 233 1567 nem
243 1544 254 1578 ,
274 1511 342 1588 post
360 1497 624 1564 consecrationem
643 1496 770 1562 realiter
789 1517 966 1566 remanere:
991 1495 1143 1579 seeundo,

161 1616 246 1709 quod
274 1618 475 1703 execrabilius
503 1631 549 1684 est
575 1617 706 1698 auditu,
726 1615 758 1681 in
778 1616 832 1682 illo
850 1616 1020 1695 venerabili
1042 1639 1143 1684 sacra·

160 1753 265 1806 mento
292 1762 354 1804 non
383 1761 447 1806 esse
470 1762 581 1829 corpus
604 1737 720 1804 Christi
740 1749 772 1803 et
790 1737 970 1826 sanguinem
992 1738 1143 1805 essentia·

161 1859 252 1940 liter,
281 1881 339 1925 nec
364 1859 631 1937 substantialiter,
654 1879 712 1923 nec
730 1857 825 1923 etiarn
844 1858 1070 1946 corporaliter,
1091 1855 1146 1922 sed

160 1979 344 2070 figurative,
373 2002 428 2044 seu
458 1969 603 2067 tropice,
632 1977 697 2056 sic,
727 1975 809 2063 quod
843 1972 984 2040 Christus
1010 1997 1072 2041 non
1100 1988 1146 2041 est

158 2101 205 2166 ibi
232 2099 383 2165 veraciter
411 2098 443 2161 in
469 2098 534 2168 sud,
546 2093 672 2184 proprii
691 2093 866 2184 praesentiis
886 2096 1050 2183 corporali.
1096 2094 1143 2160 Ex

160 2219 274 2307 quihus
300 2214 494 2282 documentis
511 2211 589 2295 fides
608 2213 760 2280 catholica
780 2215 998 2305 periclitatur,
1019 2213 1143 2282 devotio
1223 2289 1227 2295 ‚

161 2336 272 2428 populi
299 2336 492 2416 minoratur,
519 2347 551 2401 et
569 2333 647 2401 haec
665 2335 857 2404 Universitas
867 2384 878 2417 ,
896 2347 997 2401 mater
1018 2348 1144 2415 nostra,

160 2479 225 2523 non
243 2456 444 2523 mediocriter
463 2455 673 2523 defamatur.''
720 2454 864 2521 Breviter
881 2454 1016 2545 expositi
1034 2455 1146 2522 Eccle·
1193 2444 1194 2448 ¹
1236 2454 1247 2475 ⁸

162 2579 225 2645 siae
251 2575 290 2642 de
316 2573 514 2642 Eucharistiae
538 2573 679 2640 doctrinis
691 2623 701 2655 ,
728 2572 772 2640 sic
791 2573 913 2665 pergit:
950 2575 1051 2642 »Hoc
1070 2597 1144 2642 cre-

163 2695 325 2779 dendum,
355 2694 416 2760 hoc
447 2693 646 2791 docendum,
676 2692 737 2761 hoc
762 2708 870 2762 contra
889 2710 996 2763 omnes
1015 2711 1145 2765 contra-

75 2903 77 2905 ι
160 2815 298 2893 dicentes
325 2815 457 2881 viriliter
486 2813 732 2885 defendendum.
789 2815 960 2882 Hortamur
987 2817 1082 2908 igitur
1104 2812 1144 2884 ¹in

160 2939 317 3018 Domino,
347 2949 379 3002 et
407 2907 590 3004 auctoritate
614 2939 717 3004 nostrai
742 2920 927 3020 monemus,
948 2975 995 2989 -
1013 2940 1144 3029 nequis

162 3058 362 3140 decaetero,
380 3058 592 3146 cujuscunque
610 3056 722 3145 gradm
730 3104 747 3136 ,.
760 3069 854 3122 status
863 3105 873 3136 ,
889 3069 943 3122 aut
958 3057 1145 3125 conditionis
1174 3085 1176 3087 ·

161 3183 294 3260 existat,
322 3157 504 3268 praemissas
531 3175 607 3242 duas
626 3175 807 3242 assertiones
828 3185 994 3256 erroneas,
1015 3191 1068 3244 aut
1088 3200 1145 3244 ea-

161 3322 231 3366 rum
260 3299 412 3377 alteram,
440 3296 474 3361 in
492 3294 605 3362 scholis
624 3307 677 3361 aut
697 3306 783 3361 extra
801 3293 920 3360 scholas
938 3297 971 3361 iu
989 3295 1050 3363 hac
1064 3299 1145 3366 Uni-

162 3419 305 3486 versitate
333 3406 470 3511 publica
488 3430 614 3497 teneat,
645 3414 776 3496 doceat,
807 3438 860 3481 seu
888 3414 1058 3500 defendat,
1085 3421 1143 3487 sub

163 3539 262 3629 poenal
295 3538 546 3606 incarcerationis
582 3549 615 3604 et
650 3536 856 3628 suspensionis
888 3525 942 3603 ab'
958 3540 1044 3605 orn'ni
1072 3553 1145 3607 actu

164 3657 366 3739 scholastico,
406 3681 444 3725 ac
481 3658 575 3726 etiam
613 3657 671 3724 sub
709 3658 814 3748 poenal,
847 3659 1146 3728 excommunicatio-

163 3778 212 3844 nis
236 3778 382 3867 majoris,
405 3785 490 3848 ete.''
537 3779 668 3870 Insuper
696 3777 905 3848 Cancellarius
924 3794 1050 3850 monet:
1074 3803 1148 3848 »ne

166 3899 236 3991 quis
267 3935 314 3949 -
347 3898 482 3990 aliquem
516 3901 642 3992 publice
672 3899 858 3996 docentem,
885 3915 1063 3982 tenentem,
1093 3924 1148 3969 seu
1237 3990 1239 3995 Ι

167 4019 387 4090 defendentem
422 4023 602 4111 praemissas
627 4021 713 4089 'duas
747 4022 928 4090 assertiones
961 4061 1007 4075 -·
1042 4022 1148 4113 quovis

889 4143 947 4188 12*
