2586 4718
549 280 610 343 152

18 546 23 555 ,
99 514 198 569 satum
216 494 299 588 apud
318 492 440 560 curiam
456 492 647 570 Romanam,
662 501 694 555 et
716 488 834 577 Papam
853 489 886 553 in
904 486 997 554 bullis
1017 490 1087 558 suis

97 619 258 688 mandasse
271 613 474 684 Unirersitati
493 609 677 689 Cronieusi,
697 608 860 698 Episcopis
879 620 911 674 et
927 608 992 698 regi
1010 607 1085 674 dn-

98 743 200 831 gliae,
221 751 256 804 ut
275 746 452 801 amoverent
470 729 622 822 ejusmodi
639 730 844 798 haereticum.
867 727 989 795 Deinde
998 728 1088 798 redit

99 859 140 928 ad
158 857 374 936 nonnullasex
388 853 546 935 thesibus,
565 864 693 943 propter
712 871 788 939 quas
805 850 839 913 in
844 848 1001 937 judicium
1014 863 1086 918 erat

99 991 246 1059 vocatus,
273 990 304 1043 et
330 974 472 1041 haeresin
499 973 634 1053 inustam
663 972 756 1037 fuisse
774 968 853 1036 dicit
871 968 910 1035 iis
928 972 1086 1053 maxime,

100 1121 180 1192 quae
199 1096 238 1164 de
257 1096 413 1164 Ecclesiae
431 1092 522 1161 bonis
540 1105 571 1159 et
594 1089 634 1157 de
655 1092 758 1181 Papa,
779 1088 914 1181 peccatis
928 1089 1083 1173 obnoxio,
1141 1142 1143 1146 .

99 1220 245 1312 egebant.
270 1215 426 1296 Tandem,
438 1215 554 1281 iterum
568 1211 690 1280 disserit
705 1210 905 1301 depotestate
916 1208 1090 1277 damnandi

98 1339 241 1407 homiues
264 1359 378 1426 eosque
395 1332 587 1405 absolvendi.
615 1358 656 1400 .»
669 1334 729 1420 Qui
748 1332 914 1423 perhibet,
935 1333 998 1413 ait,
1019 1332 1087 1400 sire

101 1462 142 1528 sit
169 1460 269 1549 Papa,
299 1457 362 1523 sire
391 1455 521 1521 clericus
551 1455 684 1546 aliquis,
714 1475 746 1520 se
774 1476 862 1544 posse
882 1452 1032 1520 damnare
1052 1468 1084 1522 et

100 1578 257 1649 absolvere
285 1596 487 1667 quoscunque
524 1588 555 1642 et
584 1573 833 1666 quandocunque
860 1576 925 1640 nult
936 1624 947 1657 ,
986 1574 1085 1666 idque

101 1714 167 1767 tam
188 1711 291 1779 certo,
312 1719 406 1787 quam
427 1697 493 1788 ipse
510 1697 708 1789 omnipotens
723 1697 823 1777 Deus,
840 1697 865 1762 is
880 1697 1088 1765 calumniator

101 1833 148 1888 est
176 1832 209 1886 et
235 1817 410 1884 haereticus
421 1866 432 1901 ,
462 1817 517 1907 qni
544 1814 586 1882 ab
613 1815 794 1883 hominibus
818 1815 1002 1884 Christianis
1023 1841 1090 1886 non

102 1936 148 2009 est
175 1938 372 2020 tolerandus,
403 1951 435 2005 et
457 1935 588 2003 minime
608 1937 736 2028 quidem
759 1950 908 2029 tanquam
929 1939 1010 2020 dur,
1030 1942 1091 2030 qui

101 2061 170 2128 aliis
197 2062 319 2151 praeit,
351 2082 448 2151 quum
479 2058 511 2123 in
537 2057 730 2148 profundum
759 2081 811 2126 eos
835 2061 874 2126 sit
892 2061 1091 2151 praecipita-

103 2187 227 2250 turus.”
260 2180 410 2247 Dominos
427 2178 546 2245 idcirco
561 2179 731 2245 saeculares
747 2177 942 2262 exhortatur,
959 2193 994 2248 ut
1010 2179 1092 2250 huie

103 2304 262 2387 resistant,
285 2313 450 2392 propterea
471 2298 643 2388 imprimis,
662 2299 736 2388 quia
757 2300 899 2368 tenebras
919 2303 1095 2394 Aegyptia-

105 2417 175 2490 cus¹
197 2422 293 2489 oculis
326 2442 435 2488 eorum
464 2417 617 2498 offundit,
648 2440 762 2510 eosque
788 2422 890 2511 privat
919 2423 1092 2508 libertate,

106 2565 200 2635 quam
223 2542 317 2609 donat
335 2541 384 2606 ler
405 2536 534 2608 Christi.
582 2524 702 2608 Omnes*
718 2539 908 2611 Christianos
925 2546 1094 2631 admonet,

107 2676 171 2731 tam
197 2663 311 2742 laicos,
336 2655 431 2750 quam
459 2659 609 2740 clericos,
639 2673 674 2726 ut
703 2674 848 2729 tueantur
877 2666 978 2756 legem
1008 2658 1095 2750 Ilei,

108 2797 203 2875 atque
230 2782 400 2850 consistant
428 2792 577 2872 tanquam
606 2782 722 2851 milites
746 2784 821 2853 Jesn
850 2785 988 2870 Christi,
1016 2790 1098 2880 quin

108 2903 220 2973 cadant
248 2901 344 2968 veluti
372 2902 405 2967 in
435 2904 522 2984 acie,
551 2895 726 2994 postposito
750 2907 835 2972 omni
864 2905 976 2974 doloris
1004 2922 1096 2978 metu

109 3037 141 3093 et
162 3005 296 3091 honoris
318 3022 448 3089 interris
467 3046 625 3114 opumque
644 3024 830 3116 cupiditate.
877 3029 1007 3109 >›Esto,
1039 3030 1096 3095 in-

113 3144 201 3237 quit,
231 3143 338 3235 Papa,
374 3143 423 3210 rel
457 3146 522 3235 ejus
554 3146 708 3227 vicarius,
741 3148 986 3239 quotiescunque
1014 3173 1097 3217 con-

112 3262 221 3333 tendat
245 3286 277 3331 se
295 3262 442 3332 damnare
460 3268 509 3333 rel
529 3268 708 3348 absolvere,
729 3290 836 3360 reapse
856 3284 930 3337 tune
949 3263 1099 3341 damnato

115 3386 165 3454 rel
182 3386 305 3455 solvito:
325 3400 370 3455 ast
390 3389 445 3478 qui
464 3389 611 3455 consistet
629 3387 786 3454 mundus?
829 3389 864 3459 Si
894 3391 978 3458 enim
1006 3415 1102 3485 reap-

116 3530 148 3575 se
176 3505 381 3589 damnentur,
411 3521 442 3574 et
469 3496 671 3598 sempiternas
700 3532 815 3601 poenas
844 3513 992 3596 subeant,
1020 3537 1100 3604 quos

116 3628 221 3722 Papa,
239 3630 414 3696 resistentes
429 3626 508 3717 ipsi,
528 3629 642 3697 nitenti
662 3631 722 3696 sibi
736 3631 897 3721 acquirere
913 3636 996 3703 bona
1013 3648 1101 3703 tem-

117 3751 235 3843 poralia
264 3750 476 3838 cujuscunque
494 3728 635 3838 generis,
655 3752 784 3818 vinculis
802 3768 946 3822 aeternae
964 3755 1102 3824 damna·

117 3868 213 3936 tionis
237 3889 269 3934 se
290 3888 379 3957 posse
407 3866 597 3960 adstringere
617 3860 786 3962 perhibet,
806 3878 946 3967 sequitur
966 3858 1100 3969 sponte,

118 3988 203 4068 iore,
229 3999 265 4053 ut
292 3999 422 4076 occupat
449 3987 502 4055 illc
528 3989 677 4062 facillime
704 3998 807 4065 omnia
835 3998 919 4066 orbis
944 4011 1101 4067 terrarum
