2586 4718
576 350 636 413 lbi

103 562 231 633 cusandi
251 563 367 652 Papam
388 558 640 651 delinquentem,
651 573 684 629 ct
702 561 826 628 unicam
844 560 919 629 fidei
935 560 1087 631 Christia-

104 704 162 752 nae
183 707 327 752 normam
346 695 378 757 et
395 684 534 772 regulam
548 683 772 773 pronuntiabat
788 680 936 751 codicem
952 706 1086 755 sacrum.

106 809 253 876 Attamen
286 803 426 873 custodiit
454 804 631 871 Wiotiffum
653 813 799 872 coercere
828 818 904 872 tunc
933 806 999 875 ausi
1025 829 1088 873 uon

34 973 36 978 ·
103 927 196 994 fuisse
213 926 357 993 ridentur
374 925 544 1016 Episcopi,
568 923 822 1015 quandoquidem
842 947 900 1016 per
919 926 1087 1008 nuntium,

102 1072 120 1114 a
150 1049 230 1138 regis
257 1059 357 1113 matre
382 1044 423 1112 ad
448 1068 500 1113 eos
518 1046 668 1128 missum,
686 1045 839 1113 admoniti
857 1060 944 1114 erant
955 1095 966 1129 ,
985 1069 1026 1114 ne
1047 1046 1088 1114 de

104 1166 171 1264 niro
197 1168 250 1234 illo
269 1168 385 1233 ferrent
405 1164 556 1255 ejusmodi
584 1167 781 1236 sententiam.
827 1137 1000 1234 Wicliffus'
1016 1188 1092 1234 nero

103 1302 210 1355 contra
237 1288 462 1378 Episcoporum
482 1287 662 1368 mandatum
682 1286 767 1353 haud
787 1286 880 1355 desiit
902 1286 934 1351 in
954 1287 1088 1354 liierar-

102 1406 208 1474 chiam
229 1421 322 1498 atquc
339 1430 515 1498 perversam
535 1409 693 1479 Ecclesiae
713 1408 911 1497 disciplinam
920 1405 1089 1473 vehemen-

18 1570 20 1574 -
105 1540 153 1593 ter
183 1526 311 1609 invehi,
340 1540 372 1595 et
397 1528 502 1617 quivis
526 1529 759 1618 opportunitate
787 1528 902 1616 duglas
931 1525 1092 1594 adhortari

101 1646 143 1712 ad
159 1647 390 1713 reformandam
409 1647 593 1718 Ecclesiam.
643 1646 737 1737 Cujus
766 1647 1015 1739 perseverantiae
1039 1647 1090 1713 iu·

103 1768 190 1856 signe
212 1766 300 1836 dedit
321 1767 554 1839 documentum.

145 2011 304 2077 Excitatus
339 2009 423 2075 enirn
460 2007 637 2093 theologiae
665 2004 793 2092 quidam
824 2003 933 2070 doctor
963 2002 1090 2091 (nomc'u

102 2132 168 2219 ejus
198 2127 357 2213 reticetur)
386 2125 531 2214 placitis,
552 2147 633 2212 quae
649 2124 810 2192 Wicliffus
827 2122 1010 2216 nuperrime
1029 2123 1090 2191 de-

103 2245 247 2314 fenderat
277 2258 309 2311 et
337 2245 454 2334 scripto
483 2244 656 2312 tradiderat
685 2245 849 2335 Episcopis
861 2291 872 2324 ,
900 2244 993 2333 paulo
1020 2258 1090 2335 post

68 2366 221 2456 *Papae
252 2369 484 2431 auclon'lalem
513 2389 701 2458 supremam
729 2378 760 2433 et
787 2364 1089 2452 infallibilitatem,

102 2507 182 2574 quae
216 2484 332 2552 dicitur
343 2534 354 2565 ‚
379 2485 422 2551 in
456 2485 563 2550 libello
596 2483 732 2574 quodam
767 2482 926 2550 riudicare
956 2479 1108 2577 studuit(

41 2631 44 2636 ·
100 2605 259 2673 Wicliffus
285 2605 361 2671 huic
379 2603 519 2703 doctori,
538 2626 632 2695 quem
655 2603 774 2672 vocarit
795 2604 979 2696 theologum
997 2610 1086 2672 mirr-

62 2786 64 2792 .
100 2735 168 2792 lum
197 2727 400 2814 (obscurum,
430 2727 517 2814 cujus
545 2725 715 2791 sententiae
744 2716 1006 2797 difficilesessent
1025 2727 1088 2792 in·
1121 2793 1129 2804 ,

47 2848 49 2852 ’
100 2832 241 2935 tellectu)
253 2892 264 2927 ,
299 2868 480 2937 responsum
514 2843 616 2918 dedit.
670 2844 727 2913 Uti
763 2868 799 2911 cx
827 2843 925 2913 hocce
952 2859 1088 2914 tractatu

99 2981 187 3060 patet
197 3018 209 3049 ‚
236 2966 438 3034 contenderat
456 2967 509 3031 ille
528 2965 638 3033 doctor
657 2966 826 3047 obscurus,
847 2968 964 3056 Papam
983 2990 1087 3057 neque
1189 3049 1191 3053 Ι

100 3089 198 3155 errori
210 3136 220 3166 ,
259 3073 362 3176 neque
400 3099 529 3176 peccato
561 3085 708 3167 mortali,
738 3107 803 3151 esse
833 3085 1023 3168 obnoxium,
1054 3101 1087 3154 et

97 3207 179 3276 hanc
194 3209 235 3275 ob
261 3229 349 3286 rem,
368 3204 585 3294 ¹quodcunque
603 3205 687 3294 Papa
706 3205 908 3272 constitueret
926 3193 958 3271 et
979 3205 1087 3273 decer-

96 3341 186 3395 neret
196 3376 207 3409 ,
227 3339 313 3393 recte
331 3338 362 3392 et
380 3326 463 3392 bene
480 3349 512 3392 sc
527 3324 657 3396 habere.
704 3323 870 3413 ultaque,
891 3324 995 3414 iuquit
1011 3327 1087 3396 Wi-

99 3448 219 3530 cliuus,
239 3449 312 3514 licet
326 3447 428 3513 etiam
455 3447 558 3539 Papae
583 3444 723 3536 quemvis
749 3445 868 3513 librum
892 3465 929 3512 ex
959 3443 1086 3516 Oenone

97 3566 284 3655 scriptorum
314 3590 470 3634 sacrorum
499 3591 559 3659 pro
576 3566 680 3634 lubitu
701 3566 826 3647 delere,
847 3580 878 3634 et
893 3566 968 3635 huic
987 3569 1084 3638 alium

102 3684 277 3777 quemlibet
295 3686 483 3754 substituere
503 3701 665 3779 totumque
682 3690 848 3755 immutare
863 3686 1017 3758 codicem
1036 3715 1086 3760 sa-

99 3828 207 3887 crum,
227 3819 258 3872 et
277 3803 337 3873 hoc
357 3808 450 3876 modo
466 3811 547 3901 ipsas
562 3811 667 3877 literas
683 3833 782 3876 sacras
799 3809 920 3877 haeresi
937 3818 1084 3880 notarc.’'

98 3928 181 3995 'l'uur
209 3916 323 4011 refert,
353 3951 403 4010 se,
432 3932 505 4020 quia
533 3932 663 4022 impiam
694 3932 789 3999 istam.
809 3931 849 3999 dc
869 3932 982 3999 summi
1003 3932 1087 3997 Pon-
1159 3918 1164 3928 ’

97 4050 192 4119 tificis
210 4049 435 4119 infallibilitate
455 4052 640 4123 sententiam
662 4047 852 4133 damnabat,
875 4052 968 4121 luisse
987 4074 1085 4122 accu-

1050 4330 1161 4424 Α
