2586 4718
655 335 717 400 282

140 534 153 559 ⁸
191 556 315 622 olcsianr
344 548 538 620 Pontificiam
567 550 694 638 ejusque
722 546 925 617 fundamenta
950 546 1036 613 haud
1058 551 1167 618 leviter

188 674 359 744 concussit:
392 667 433 735 ed
464 667 641 736 libertatern
672 666 826 735 sentiendi
852 667 1071 759 cogitandique
1100 672 1168 763 ipse

188 817 282 887 quam
300 791 435 859 'maxime
465 787 644 881 adspirans,
663 787 703 854 ad
723 788 858 855 eundem
876 812 1002 880 quoque
1019 791 1164 861 ardorem

185 916 285 998 socios
303 935 371 986 suos
389 924 421 978 et
440 905 607 1000 discipulos
625 910 765 1001 impulit:
792 910 1020 980 commendavit
1040 914 1164 1003 prinoi-

184 1038 238 1129 pia
264 1055 406 1126 qtracque
433 1032 562 1099 meliora
581 1033 615 1096 in
633 1053 667 1097 re
686 1031 770 1098 cirili
789 1046 822 1099 ct
839 1033 1078 1115 Ecclesiastioi,
1098 1036 1164 1102 isn-

184 1156 295 1247 prinris
310 1167 414 1222 autem
432 1155 466 1220 in
486 1152 633 1247 societate
651 1151 789 1219 humana
810 1152 954 1221 excitarit
972 1153 1075 1221 studia
1092 1123 1164 1223 nio-
1236 1152 1239 1160 ’

184 1278 277 1346 ralia:
303 1288 397 1367 atque
414 1276 507 1365 longe
525 1273 697 1358 efficacius,
713 1296 808 1364 quam
823 1274 940 1342 factum
956 1273 1058 1344 adhuc
1073 1292 1161 1360 erat,

184 1420 273 1465 suurn
285 1395 580 1464 reddidithonorem
593 1395 703 1464 Godici
722 1418 816 1462 sacro.
836 1396 904 1463 Lux
921 1410 1025 1463 autern
1038 1448 1047 1477 ,
1059 1421 1163 1489 *quarn

181 1513 1161 1598 Wicliffidoctrinaattulit,iuUniversitateOroniensierorta,

179 1638 254 1706 lrino
272 1659 328 1729 per
348 1641 492 1725 magnam
510 1636 642 1728 Angliae
661 1651 783 1726 partem
798 1637 981 1725 sadiiiudit3
1000 1653 1048 1722 ct,
1059 1663 1161 1730 quan-

180 1781 274 1849 qrsam
292 1778 350 1848 per
370 1770 533 1848 tempora,
552 1778 634 1847 quae
649 1772 860 1825 successerunt
870 1805 881 1838 ,
905 1736 984 1829 haec
1000 1760 1052 1826 lux
1070 1760 1162 1828 raldo

178 1879 403 1948 obscurabatur
431 1890 463 1947 et
491 1879 556 1944 fere
580 1879 727 1946 exstincta
744 1901 810 1946 esse
826 1878 990 1947 ridebatur
1001 1931 1011 1963 ,
1031 1881 1161 1950 tandem

176 2021 251 2068 vcro
278 1998 444 2068 laetissime
473 1998 575 2066 denuo
602 1999 702 2072 fulsit.
745 1999 891 2090 Namque
908 2001 1004 2092 ipsius
1022 2004 1162 2093 placita,

104 2122 108 2130 '
177 2133 343 2211 postquam
370 2118 410 2187 tle
436 2118 714 2201 viridesceret,
737 2119 912 2187 diutissime
930 2123 995 2188 rim
1013 2145 1161 2191 exserue-

175 2241 294 2330 runtin
306 2239 476 2320 doctiore,
495 2240 678 2321 innobiles,
698 2242 852 2332 imprimis
871 2243 905 2312 in
922 2256 1076 2337 senatores
1086 2246 1158 2315 Ilo·

174 2384 244 2452 mus
273 2361 450 2432 inferioris:
480 2373 512 2428 et
541 2360 650 2430 cadem
677 2361 731 2429 illa
759 2361 897 2430 Lollardi
926 2387 983 2456 per
1005 2368 1158 2457 populum

174 2497 384 2577 propagarunt
403 2482 541 2565 assidue,
563 2484 755 2576 ulteriusque
778 2486 874 2552 etiarn
899 2487 1154 2555 reformationem

173 2603 452 2686 commendarunt,
490 2603 691 2695 repudiantes
728 2606 899 2674 Ecclesiam
935 2608 1153 2692 Pontificiam,
1192 2672 1193 2677 ,

45 2722 48 2786 Ῑ
150 2751 270 2820 'quant
299 2726 506 2796 Christianam
535 2749 598 2793 non
626 2726 853 2798 existimabant.
918 2729 1020 2814 Quum
1048 2745 1155 2799 antem

172 2849 295 2919 saeculo
328 2847 387 2918 XV
422 2849 595 2922 saevissime
627 2862 810 2927 vexarentur
836 2849 1041 2934 Wirliffitae,
1070 2866 1155 2920 secta

55 2985 58 2989 '
170 2969 303 3063 quidem
329 2969 445 3039 haecce
469 2967 562 3035 raldo
585 2967 738 3037 diminuta
756 2971 884 3060 ejusque
901 2971 947 3038 ris
965 2995 1153 3064 magnopere

171 3093 271 3162 tracta
286 3105 352 3173 cst,
373 3090 427 3159 sed
444 3103 550 3157 tamen
563 3091 702 3182 perillus
720 3068 948 3160 reformationis
963 3092 1155 3168 desiderium
1204 3172 1208 3185 1

171 3215 282 3287 alitum
301 3215 362 3286 luit
379 3227 412 3312 et
429 3212 622 3304 seminaper
640 3213 785 3304 Angliam
804 3237 907 3304 sparsa
926 3214 1028 3295 fuere,
1050 3238 1149 3306 quae,

119 3348 122 3352 ’
171 3334 248 3405 dum
266 3333 361 3402 latere
376 3333 581 3416 ridebantur,
597 3336 716 3400 interea
728 3334 998 3415 maturcsoebent,
1014 3357 1052 3402 ac
1066 3336 1152 3404 fruc·

171 3471 221 3526 tus
248 3455 393 3547 deinceps
422 3457 559 3524 tulerunt
586 3455 760 3521 uberrimos
772 3504 783 3536 ,
812 3479 876 3545 quo
896 3469 1037 3548 ternpore
1055 3458 1151 3547 Angli

167 3602 258 3674 ¹stram
278 3579 450 3646 Ecclesiam
470 3576 601 3668 publice
619 3577 788 3642 reformare
805 3578 1020 3648 instituerunt.
1046 3577 1154 3664 Quod·

171 3725 234 3794 que
251 3700 430 3769 Lollardiin
442 3698 571 3787 angria,
589 3695 667 3762 illud
686 3697 802 3765 Hussus
819 3720 894 3787 prae
913 3699 1063 3779 caeteris,
1084 3722 1152 3766 sae·

167 3823 238 3896 culo
258 3822 316 3890 XV
334 3822 484 3897 incunte,
504 3817 537 3882 in
558 3817 726 3886 Germanii
747 3817 833 3907 egit,
854 3820 932 3909 qui,
955 3842 1054 3910 quum
1073 3819 1150 3886 Wr.

168 3944 244 4012 cliffi
273 3956 305 4008 et
332 3938 506 4037 doctrinam
533 3952 565 4008 ct
595 3939 741 4005 virtutem
770 3940 924 4031 imprimis
953 3942 1123 4031 suspiceret
1135 3990 1146 4023 ,

81 4038 85 4047 ¹
167 4084 261 4155 saque
280 4060 454 4151 praecipuis
472 4061 537 4149 ejus
556 4060 677 4152 placitis
696 4058 851 4130 imbueret
868 4063 1013 4152 penitus.
1034 4060 1146 4130 cadem
