2586 4718
657 302 697 360 02

187 512 247 590 tis,
271 530 386 600 poenas
405 510 602 576 commeritus
620 532 679 600 pro
698 511 881 578 criminibus
899 513 972 582 anis.
1006 515 1048 581 Et
1068 540 1167 607 quum

185 629 344 720 hodieque
358 629 571 720 reperiantur,
590 652 767 720 quanquam
786 633 920 698 meliora
931 631 1102 702 edocentur
1126 638 1168 705 da

185 752 291 820 (lirini
320 753 429 818 naturai
458 764 490 817 et
519 750 643 833 indole,
670 753 723 841 qui
747 753 780 817 in
801 754 944 843 procellis
962 768 993 822 et
1014 757 1141 824 turbine
1154 809 1165 842 ,

186 875 219 940 in
249 886 349 939 terrae
379 884 467 939 motu
497 891 527 939 ct
556 874 625 962 igne
655 873 752 938 inesse
775 874 947 942 vindictam
966 876 1165 947 anhelantem

187 996 291 1063 Deum
323 1007 455 1085 putent,
489 992 599 1082 quidni
628 995 826 1077 Wioliffum,
852 997 907 1087 qui
925 999 1166 1088 quinqueuiros

186 1118 315 1184 saeculis
334 1117 419 1206 prins
432 1115 535 1197 sirit,
559 1116 632 1181 talia
643 1116 852 1206 proferentem
863 1117 943 1185 honi
955 1119 1166 1187 rcniiaudia-

185 1239 280 1305 mus?
313 1236 432 1304 Habuit
448 1249 553 1303 antem
574 1215 1164 1330 illaaerihdesdeSatani,percrbenr
1259 1266 1265 1277 ·

183 1376 337 1428 terrarum
358 1357 530 1441 saeviente,
549 1379 691 1447 magnam
712 1356 858 1449 deinceps
868 1363 964 1426 etiam
974 1360 1037 1426 rim
1049 1363 1079 1426 in
1090 1363 1166 1428 Wi·
1206 1401 1209 1408 ·

187 1481 262 1549 oliffi
278 1479 463 1547 doctrinam.
493 1479 623 1569 Saepius
642 1479 758 1546 mentio
773 1479 805 1544 in
820 1480 941 1571 scriptis
952 1484 1017 1569 ejus
1029 1482 1166 1571 injicitur

189 1601 228 1668 de
237 1599 396 1691 cujusdam
408 1600 483 1666 mali
493 1600 575 1690 genii
587 1600 634 1680 ri,
650 1612 725 1665 tnnc
736 1601 916 1690 praesertim
927 1602 1073 1669 seducere
1088 1600 1167 1669 lide-

189 1724 234 1791 les
254 1745 360 1789 omnes
376 1733 408 1786 et
424 1719 547 1786 allicere
562 1721 721 1790 tentantis.
756 1722 934 1790 Persuasum
952 1723 1012 1790 sihi
1025 1723 1167 1791 habuisse
1270 1739 1290 1771 ·'

189 1844 331 1923 ridetur,
352 1841 534 1921 daemones,
554 1863 572 1907 e
591 1864 685 1932 regno
704 1842 900 1909 tenebrarum
919 1843 1095 1933 proiectos,
1111 1865 1167 1933 par

187 1980 305 2034 terram
330 1965 392 2032 late
415 1986 446 2030 se
472 1961 651 2046 diffudisse,
667 1977 769 2054 atque
795 1963 845 2030 his
873 1986 937 2030 esse
965 1962 1168 2036 adscribenda

188 2087 348 2156 Ecclesiae
378 2084 608 2175 corruptionem
638 2099 669 2152 et
698 2085 814 2175 flagitia
838 2096 863 2154 ¹.
912 2085 953 2179 lit
971 2085 1075 2176 pr'outi
1094 2096 1169 2151 tuuc

190 2210 323 2277 multum
342 2207 445 2296 legere
474 2206 615 2272 solebant
643 2207 852 2297 Apocalypsin
877 2204 1094 2287 Johanneam,
1124 2206 1168 2272 aie

188 2330 346 2400 Wicliffns
377 2350 522 2418 quoque,
542 2325 615 2394 data
628 2328 739 2418 operi,
761 2327 940 2419 inquirebat
957 2331 991 2394 in
1010 2329 1088 2394 altos
1103 2327 1170 2393 illos

184 2451 298 2517 mentis
316 2448 457 2539 Apostoli
474 2458 609 2516 racemus
620 2457 647 2519 ².

639 2726 706 2741 ι-ο-

236 2927 445 2996 Vehementer
473 2941 576 2997 autem
595 2928 756 2999 Wicliffus
775 2937 937 3019 corruptos
954 2925 1003 2999 sui
1024 2928 1174 3017 temporis

189 3074 310 3132 mores,
329 3049 498 3142 praecipue
509 3051 691 3118 clericorum
700 3100 711 3132 ,
726 3047 951 3141 perstringens,
968 3047 1065 3136 magis
1073 3048 1171 3116 etiam

189 3173 232 3240 sle
250 3172 400 3239 industrii
420 3169 545 3238 adortus
565 3184 611 3238 est
631 3170 706 3236 vitia
726 3182 757 3236 et
775 3186 916 3258 perversa
936 3167 1037 3234 studia
1056 3191 1170 3262 monae

189 3295 334 3363 chorum·
348 3293 608 3362 Mendicantinm.
656 3289 741 3355 llaec
763 3290 828 3379 ejus
847 3309 919 3353 cum
937 3289 1086 3356 iratribus
1104 3289 1170 3358 istie

183 3414 347 3487 contentio
371 3436 467 3504 quum
486 3433 543 3503 per
563 3422 660 3479 totam
678 3408 745 3483 lete
764 3408 860 3481 ritem
880 3411 1031 3481 acerrima
1051 3411 1168 3491 fuerit,

196 3598 408 3608 ,ρ--ψ--Μ-
430 3599 436 3603 -
455 3591 539 3601 -—--

223 3693 354 3757 ¹Sorlpto
376 3689 433 3765 ,opit
458 3685 591 3739 uterino·
614 3687 647 3737 de
668 3689 800 3749 tolmone
827 3689 981 3750 sathanas,
1009 3675 1042 3741 ἀὲ
1064 3688 1180 3743 Diabate

258 3774 434 3830 nattaaaeto,
453 3770 673 3836 dtplloemonum
689 3783 766 3832 aestu
784 3776 816 3828 ie
834 3774 1010 3833 autmundo
1030 3775 1177 3840 relictoue,

253 3864 286 3912 alr
307 3859 444 3909 &tium
456 3864 538 3911 aratu
555 3865 649 3914 contro
660 3861 762 3925 ΛΜ,
776 3862 849 3915 Μ.

214 3949 232 3984 ²
255 3943 363 4009 batnon
379 3942 488 4008 bardior
507 3941 1089 4012 marmiountupatapstahoun.
1118 3941 1177 3995 vin.

234 4025 390 4088 *rausum
408 4027 466 4082 Vol.
486 4027 521 4082 lt.
539 4045 566 4095 p.
584 4030 647 4080 ³89.

263 4252 266 4263 t

96 4262 195 4405 .
237 4300 242 4311 ξ
