2586 4718
564 337 628 400 ars
701 428 704 435 Ι

95 554 240 622 Urbanus
261 549 304 618 Vl
324 549 408 616 eninr
426 546 516 615 brevi
533 563 602 640 post
621 549 653 615 in
672 549 792 616 curiam
812 549 983 619 Romanam
1000 575 1072 620 eum

97 675 217 742 vocarit
235 671 273 737 ad
294 694 325 738 se
344 668 540 762 purgandum
559 691 661 736 coram
681 670 747 760 ipso
768 670 806 736 de
824 670 946 761 placitis
962 665 1074 740 baere-

97 797 184 875 ticis‚
208 816 339 885 quorum
360 805 425 858 erat
444 804 614 862 accusatus.
648 791 811 858 Excusarit
830 814 902 860 vero
918 793 1075 862 Wicliffus

98 916 253 984 Pontifici
264 912 471 982 valetudinem
483 911 657 994 infirmam,
668 913 728 1002 qual
737 911 985 1003 impediebatur,
997 938 1075 1005 quo·

100 1040 203 1103 minus
219 1049 282 1104 tam
297 1036 423 1123 longum
443 1033 559 1099 faceret
577 1034 648 1101 iter.
680 1032 761 1100 Nam
780 1030 842 1099 hoc
853 1036 920 1123 jam
936 1048 1077 1126 tempore

100 1157 232 1248 paralysi
267 1167 366 1222 tactus
401 1153 493 1220 fuisse
526 1146 661 1224 ridetur.
724 1153 897 1222 Memorato
926 1148 1077 1247 perqnam

101 1276 195 1365 digna
214 1289 259 1343 est
280 1275 426 1365 epistola,
452 1297 545 1365 quam
566 1287 639 1341 tuno
657 1273 743 1341 misit
763 1275 902 1345 Urbano.
950 1277 1078 1343 Rescri-

100 1398 195 1463 bebat
215 1398 261 1477 ei,
283 1397 414 1485 (ironice
439 1394 668 1487 propemodum
695 1394 862 1487 dixerim),
876 1387 1078 1465 ¹se'lnbenter

100 1539 172 1583 cnm
188 1517 296 1607 quotis
314 1517 413 1606 probo
430 1514 557 1582 homine
572 1539 639 1582 snas
654 1518 1079 1601 communicaresententias,

99 1639 281 1729 praesertim
310 1636 351 1702 ad
378 1659 428 1704 eas
452 1636 635 1727 aperiendas
657 1659 779 1703 summo
793 1638 939 1704 Pontifici
959 1661 1080 1730 semper

102 1781 134 1825 se
154 1780 218 1825 esse
233 1769 389 1849 paratum.
419 1758 564 1847 Namque
579 1779 611 1824 se
626 1757 784 1823 confidere
804 1747 947 1840 dicebat,
964 1760 1081 1849 Papam

102 1872 341 1969 quibuscunque
368 1878 509 1968 placitis,
540 1899 620 1967 quae
646 1894 717 1945 rere
745 1860 846 1944 essent
873 1900 910 1943 ac
934 1876 1084 1946 divinitus

103 1992 219 2067 tradita
230 2047 241 2080 ,
265 2021 337 2065 cum
355 1992 512 2085 voluptate
531 2017 595 2061 esse
614 1996 789 2064 fauturume
811 1996 924 2084 quodsi
941 1999 1016 2064 falsa
1037 2021 1086 2065 es·
1172 2008 1175 2013 '

104 2136 194 2202 sent,
226 2121 293 2185 fore
322 2118 488 2207 sperabat,
522 2108 557 2181 nt
584 2108 637 2180 ille
667 2115 821 2206 sapienter
850 2137 887 2182 ea
904 2111 1083 2208 corrigeret.

104 2240 258 2330 Pergebat
278 2250 383 2303 autem
398 2237 461 2317 ita,
477 2247 512 2301 nt
533 2235 729 2302 familiariter
747 2240 779 2304 et
802 2229 949 2304 audacter
969 2240 1087 2330 Papam

108 2359 148 2426 de
164 2359 271 2426 multis
285 2359 377 2424 rebus
390 2356 590 2438 admoneret,
605 2350 646 2422 de
661 2359 776 2447 quibus
792 2360 1069 2426 mentionemfieri
1077 2408 1088 2443 ,

108 2483 184 2573 quin
217 2481 292 2547 hnic
319 2480 423 2545 minus
442 2478 619 2568 placaerit‘,
638 2472 744 2544 'nullus
762 2478 884 2550 dubito.
932 2483 1088 2550 Nomina*

107 2593 166 2668 tim
194 2603 260 2690 ejus
288 2597 418 2689 quidem
448 2596 521 2662 vitia
543 2606 623 2662 'non'
636 2597 887 2686 reprehendebat
907 2601 1088 2684 Wieliffns,
1153 2676 1156 2683 ,

101 2719 161 2787 'sed
182 2733 288 2785 tamen
307 2718 339 2783 in
359 2715 555 2782 Pontificiam
574 2713 780 2805 dignitatem,
806 2719 858 2784 illo
877 2716 1019 2812 tempore
1038 2724 1088 2789 vel

106 2843 239 2908 rnarime
256 2832 392 2906 ¹alienam
409 2846 431 2903 a'
447 2837 597 2903 modestia
618 2849 650 2902 et
669 2839 889 2930 simplicitate,
908 2865 983 2932 quas
1001 2865 1088 2910 com·

105 2962 253 3030 mendant
280 2957 396 3026 Christi
415 2956 555 3023 doctrina
575 2958 615 3024 et'
627 2956 912 3050 exemplum‚'tam
934 2978 1007 3054 apte
1025 2958 1086 3055 'pe-

103 3086 249 3154 titionem
277 3078 490 3170 conjiciebat,
511 3091 548 3143 nt
566 3078 710 3144 Urbanus
726 3074 797 3144 eam
814 3081 912 3146 vitare
929 3104 991 3147 non
1010 3106 1088 3172 pos·

106 3218 164 3277 set.
198 3205 242 3272 Ut
257 3199 408 3267 nimirum
422 3198 505 3288 Papa
521 3195 751 3285 quodammodo
767 3199 972 3290 intelligeret,
988 3174 1086 3292 qliae-

91 3304 182 3392 'nam
202 3302 280 3392 esset
298 3320 394 3414 ipsius
409 3314 508 3426 lides',
520 3298 692 3423 ⁸'certiorettt
708 3302 781 3394 culn
796 3312 1086 3426 faciebat,',omnia,

91 3576 94 3581 ·
176 3551 260 3599 mices
279 3554 433 3614 ammosa,
462 3552 626 3617 inventaque
647 3552 686 3602 s‘bs'
707 3551 798 3616 osapld
814 3552 897 3602 simet
914 3569 946 3604 oc
957 3557 1096 3622 foecundat

164 3635 373 3698 'discipulorum
381 3638 482 3698 mesae,
500 3639 740 3688 doctrinamentum
748 3639 825 3705 lonqe
832 3640 1096 3709 latequapropoqoa-

179 3719 326 3768 accolunt.
356 3719 452 3772 Varum
465 3725 496 3772 s'd
508 3730 728 3787 parumcertum.
740 3724 823 3772 -ln
843 3741 920 3792 opere
940 3728 1024 3778 Caret.
1037 3729 1095 3780 Vol.

153 3836 162 3843 -
182 3802 218 3850 ll.
235 3819 263 3868 p.
279 3803 324 3851 62.
358 3805 427 3854 llaae
438 3808 537 3857 labelli
545 3807 617 3874 apud
632 3808 696 3856 alios
710 3810 786 3858 etlam
801 3812 927 3876 reperitur
943 3812 1097 3876 scriptores,

181 3903 221 3938 ex.
239 3903 264 3951 5.
283 3887 350 3954 apud
361 3888 428 3939 vnit.
444 3893 602 3953 lernaeum,
621 3893 691 3942 [last.
709 3893 839 3959 Papotasa.
856 3895 1010 3946 Gorichemi.
1024 3897 1099 3948 1672.

93 3998 97 4007 ·
180 3985 207 4037 p.
226 3969 287 4020 446.
306 3996 338 4008 -
356 3971 438 4022 Hodie
455 3988 516 4047 yarc
527 3977 596 4027 <satis
613 3980 714 4026 constat
725 3979 911 4041 ,BWioliffam
932 3981 1101 4036 Universitate

179 4056 393 4118 exterminatam,
413 4057 538 4124 reliquam
557 4061 626 4112 ritae
645 4065 743 4124 partem
761 4060 860 4126 degisse
879 4063 1048 4116 Luterororti.
