2586 4718
171 313 190 357 Χ

41 563 52 576 .
171 509 268 576 lebat.
316 503 426 594 Neque
453 508 563 569 minus
579 503 707 573 studiis
725 506 808 568 meis
826 510 970 595 imperite
980 514 1077 595 sarit
1096 515 1150 576 eir
1218 569 1222 575 .

168 624 228 687 ille
258 621 531 698 humanissimus,
565 639 606 683 er
634 640 699 707 quo
725 625 870 708 tempore
897 629 1046 686 nostram
1073 623 1150 688 adii

172 734 444 802 Uriioersitatem
486 730 589 819 ,Quum
613 730 842 801 Gmrdoeuerus
856 737 939 798 enim
960 743 991 800 et
1006 734 1150 805 Sobroe-

168 848 288 926 iterur,
304 847 411 916 ¹(ilar.
423 849 524 927 oiri,
547 869 628 935 quos
647 846 684 911 ob
702 847 825 926 multa,
849 869 934 936 quae
952 849 1037 915 miti
1045 874 1151 940 prae-

167 965 303 1028 buerunt
329 983 410 1027 suae
435 964 473 1025 in
500 981 552 1024 me
580 960 817 1026 bmeoolentiae
836 960 1047 1039 documenta,
1064 966 1110 1055 pl
1130 1000 1150 1016 -

168 1079 250 1141 rimi
274 1090 402 1167 semper
427 1076 571 1160 faeiem,
600 1096 650 1138 me
678 1076 860 1139 irritarent
880 1083 987 1165 ,atque
1000 1082 1151 1168 egregie

165 1191 364 1279 acly'uoorent
374 1239 384 1270 ,
402 1197 445 1266 vut
456 1188 691 1279 philosophiae
714 1188 887 1279 literisque
904 1188 1149 1256 humanioribus

169 1328 303 1396 eperum
337 1326 516 1384 inararem,
551 1301 743 1382 Heusdius,
777 1311 808 1367 et
830 1302 995 1394 publicet,
1029 1312 1060 1368 et
1087 1307 1150 1372 do·

167 1420 309 1484 mestiod
339 1421 567 1497 institutione,
600 1405 764 1482 bisto'riae
798 1425 829 1481 et
858 1419 1014 1504 antiquae
1035 1419 1149 1508 pbilo-

58 1525 61 1528 ’
165 1532 300 1623 sophiae
328 1552 378 1596 me
406 1531 521 1595 imbuit
542 1529 663 1598 studio.
706 1528 768 1595 Ad
786 1531 857 1593 uiri
864 1529 1143 1617 familiaritatem

165 1649 275 1737 magis
296 1649 334 1710 in
351 1644 423 1709 dies
450 1644 617 1710 admissus
629 1651 863 1734 ,qimntopere
879 1642 965 1709 milti
972 1647 1146 1734 profuerit

165 1761 244 1844 ille,
277 1758 481 1835 diaeresin
506 1779 657 1848 possum.
720 1754 848 1843 Quodsi
876 1758 911 1820 in
938 1766 988 1821 me
1015 1759 1152 1848 aliquid

161 1895 225 1938 non
243 1893 388 1964 prorsus
410 1870 854 1961 improbandumuideatur,
877 1869 945 1934 *loo
972 1893 1044 1936 enm
1061 1873 1148 1937 aliis

163 1991 297 2053 summis
326 1989 535 2065 uiris‚·tum
549 1988 615 2072 uel
639 1968 786 2063 maue‘me
811 1986 908 2050 illins
935 1988 1147 2053 suavissimis
1202 2011 1211 2030 ·

164 2100 385 2177 sermonibus,
408 2095 686 2187 prudentissimis
715 2096 1013 2178 admonitionibus,
1036 2106 1068 2162 et
1090 2121 1147 2162 re·
1258 2079 1260 2082 ,

62 2283 68 2294 ,
163 2235 203 2279 ro
229 2214 331 2276 etiam
357 2211 488 2301 insigni
510 2210 658 2299 exemplo
683 2206 742 2274 me*
756 2209 893 2292 debere,
927 2211 1149 2282 onmibnsdi·

161 2348 209 2396 oo.
249 2323 416 2414 ‘Namque
432 2344 493 2389 suo
519 2326 724 2412 praesertim
748 2327 897 2414 exemplo
922 2323 1148 2390 commendare

153 2440 330 2529 junonibus
349 2439 432 2503 solet
447 2437 570 2524 studia,
582 2461 730 2529 quaeque
743 2438 946 2504 honestiora.
997 2433 1147 2520 Quoties·

160 2573 284 2641 ounque
311 2559 426 2617 utitem·
450 2553 649 2616 reminiscor
672 2552 778 2617 boras
808 2551 891 2616 illas
912 2549 1144 2637 vespertinas,

161 2688 259 2759 quum
282 2688 352 2731 eum
363 2665 617 2756 philosophiam
637 2663 846 2731 Socraticam
872 2682 913 2724 ae
931 2659 1145 2738 Platonicam

160 2782 409 2873 elegantissime
454 2782 753 2870 interpretantem,
792 2782 823 2837 et
848 2793 923 2861 pro
957 2774 1147 2859 urbanitate

81 2966 84 2971 ,
162 2899 226 2961 sud
248 2902 347 2985 atque
373 2916 458 2984 erga
476 2895 615 2983 joonnes
636 2887 849 2978 indulgentia?
864 2894 1022 2952 amanter
1032 2887 1145 2951 'disse-

161 3018 303 3089 rentem,
322 3009 534 3087 audiuimus,
565 3008 663 3071 toties
691 3011 813 3066 memim
841 2999 937 3079 dieo,
960 2999 1026 3063 als!
1060 2999 1146 3073 milii

154 3126 361 3216 praeteritos
375 3123 505 3211 reserat
524 3122 557 3182 si
575 3115 734 3204 anpi'ter
749 3134 865 3180 annos.
898 3110 944 3178 In
963 3115 1143 3204 exploran-

160 3235 204 3302 do
233 3259 309 3303 uero
336 3243 368 3300 et
395 3228 616 3306 elaborando,
640 3224 728 3314 qnod
745 3229 908 3315 aggressi
924 3248 1034 3290 snmus
1046 3274 1056 3304 ,
1081 3249 1144 3291 or-

155 3358 310 3442 gumento
328 3347 504 3420 lsistorieo,
529 3340 632 3404 eniri
651 3336 853 3428 degentium
871 3338 1018 3404 historici
1033 3340 1144 3405 lectio·

160 3467 254 3530 nibus
263 3457 461 3555 praeclaris
471 3453 760 3539 itemqnemonitis
766 3455 981 3542 gratissimis
987 3453 1142 3541 srnotnm

157 3579 298 3671 percepi
312 3580 344 3638 et
357 3567 536 3632 utilitatem
553 3565 646 3630 band
661 3567 831 3656 exiguam.
868 3566 930 3632 Tot
947 3570 1059 3658 igitur
1073 3575 1147 3633 tan·

163 3698 269 3780 risque
293 3704 344 3747 me
365 3682 497 3745 ornauit
516 3679 681 3767 benefieiis
699 3681 934 3746 dilectissimus
955 3680 1145 3759 Heraclius,
1203 3668 1205 3673 ⁵

66 3789 67 3793 ¹
163 3811 220 3879 nt,
245 3817 336 3886 quem
357 3793 418 3860 diu
427 3793 505 3883 jam
524 3817 595 3860 snm
613 3795 803 3860 admiratus
816 3798 1024 3886 plnrimiqm
1046 3796 1149 3860 uesti-

160 3913 270 3992 maoi,
303 3908 436 3975 minolem
464 3931 577 3975 amore
606 3911 694 3975 satis
716 3913 882 4002 prosequi
905 3933 954 3976 me
981 3926 1146 3997 nunqnam

131 4015 135 4041 ²
154 4045 276 4112 posse,
294 4024 399 4116 probe
421 4022 570 4114 equidem
593 4025 708 4090 smum.
