2586 4718
632 324 671 384 15

170 535 321 631 eJusmodi
331 548 436 604 coetus
448 530 641 602 Ohrsstianus
647 581 659 614 ,
672 554 734 622 quo
746 533 969 599 instauraretur
981 531 1148 622 aliquando

170 659 307 728 Ecclesia
338 655 529 749 Apostolioa.
584 652 746 720 Latissime
777 652 906 743 quidem
935 652 1066 743 dispersi
1093 677 1150 744 per

171 782 322 862 Galliam,
346 780 488 859 Italiam,
513 777 589 866 quin
609 776 704 842 etiam
721 797 777 866 per
797 775 1015 856 Germaniam,
1034 798 1071 842 eo
1087 777 1152 842 ala·

171 902 253 969 erius
283 921 406 993 quoque
434 898 467 963 in
496 897 556 963 illis
575 869 808 986 arripiebantur
827 897 1024 986 regionibus,
1052 919 1151 986 eoque

115 1074 116 1077 ,
170 1025 319 1111 majorem
351 1040 487 1086 exserere
514 1031 656 1108 poterant
686 1017 770 1098 rim,
790 1040 853 1107 quo
872 1017 1030 1084 Ecclesiae
1046 1018 1154 1085 Ponti·

173 1144 263 1210 ficiae
283 1141 363 1209 ratio
372 1143 439 1230 jam
460 1138 645 1231 displicebat
663 1137 779 1205 indies
798 1120 958 1229 pluribus:
987 1152 1017 1206 et
1035 1139 1155 1206 excita·

167 1267 289 1363 ,bantur
318 1285 424 1329 eorum
453 1263 592 1352 exemplo
620 1273 651 1327 et
674 1257 885 1327 admonitione
903 1259 988 1324 haud
1006 1261 1100 1351 pauci
1119 1284 1155 1328 ex

176 1383 264 1452 laicis
282 1382 322 1448 ad
340 1380 506 1471 legendum
525 1379 676 1449 (iadicem
694 1382 841 1448 sacrum(
874 1381 975 1471 Hujus
993 1367 1042 1447 rei
1060 1381 1156 1450 docu-

177 1517 317 1570 mentum
336 1504 485 1593 praebet,
502 1505 623 1570 saeculo
640 1516 770 1570 exeunte
784 1500 870 1586 XII,
886 1525 997 1592 magna
1013 1526 1085 1593 pars
1099 1504 1158 1572 lai·

97 1674 99 1677 ψ
176 1648 286 1692 eorum
302 1626 334 1691 in
350 1626 428 1690 urbe
443 1637 474 1690 et
484 1624 619 1691 dioecesi
629 1624 776 1706 Metensi,
797 1623 1041 1716 quaegaudebat
1052 1627 1160 1693 multis

177 1746 266 1814 libris
281 1746 362 1812 sacri
380 1742 504 1812 codicis
519 1746 553 1811 in
569 1746 721 1813 Gallicam
737 1746 875 1837 linguam
891 1746 1065 1829 translatis,
1082 1770 1159 1837 quos

177 1866 212 1932 in
245 1866 371 1932 secretis
405 1867 609 1933 conuentibus
639 1865 775 1951 studiose
803 1869 962 1957 perlegere
992 1867 1111 1934 solebat
1131 1879 1158 1936 ¹.

175 1987 306 2078 Propter
334 1987 393 2053 hoc
421 2009 546 2076 quoque
570 1987 782 2075 ingrauescens
805 1988 886 2051 inter
905 1987 1000 2051 laicos
1023 1985 1160 2053 studium

174 2107 299 2197 legendi
318 2130 402 2172 saura
425 2108 562 2192 scripta,
587 2103 754 2169 concilium
774 2102 961 2170 Tolosanum
977 2129 1056 2172 anno
1073 2109 1160 2176 1229

177 2225 358 2316 hujusmodi
386 2225 458 2291 tulit
486 2223 663 2292 decretum:
699 2200 952 2292 »Prohibemue
982 2229 1101 2309 etiam,
1121 2251 1162 2295 tte

175 2343 281 2412 libros
307 2351 427 2412 veteru
452 2348 642 2410 testamenti
666 2354 725 2410 aut
750 2347 829 2410 uoua'
852 2346 939 2411 lutici
955 2351 1162 2436 permittun-

175 2478 232 2534 tur
262 2469 400 2534 dobere:
424 2469 496 2530 uisi
517 2468 614 2554 sorte
636 2466 863 2555 paulianum,
891 2466 945 2530 uel
960 2467 1161 2535 tractorium

167 2612 238 2680 pro
256 2589 384 2653 diuinis
402 2588 523 2676 effatis
533 2633 545 2666 ,
563 2593 624 2650 aut
642 2585 746 2652 horas
766 2587 795 2669 b,
812 2586 955 2671 Mariae
972 2591 1103 2679 aliquis
1120 2613 1162 2658 ex

175 2710 340 2774 deuotione
368 2706 487 2771 habere
516 2707 606 2775 uelit.
664 2703 736 2772 Sed
761 2729 802 2771 rte
821 2711 1035 2797 praemissos
1058 2713 1162 2778 libros

174 2813 313 2894 habeant
324 2831 361 2892 iu
372 2825 516 2919 uulgari
523 2830 712 2894 translatos
718 2876 730 2910 ,
740 2804 931 2896 erudissime
941 2833 1162 2906 inuitemus.”

175 2947 265 3034 Quod
287 2947 449 3016 decretum
467 2946 614 3039 deinceps
635 2951 758 3040 saepius
777 2963 822 3016 est
837 2951 1019 3041 repetitum.
1073 3020 1076 3025 ,

203 3281 212 3313 ¹
238 3279 291 3328 linc
310 3277 343 3327 de
358 3293 385 3327 re
403 3277 532 3328 scribebat
551 3278 718 3329 Innocentius
737 3280 795 3341 ΙΙΙ,
815 3281 851 3330 ad
868 3283 1010 3333 uutcereor
1031 3286 1169 3339 Christia-

238 3380 287 3415 που
309 3370 371 3412 'tam
394 3365 427 3412 tu
455 3363 521 3412 urba
547 3363 663 3413 Metauri
679 3379 768 3432 ¹guam
787 3366 846 3430 ajue
864 3367 966 3416 diocesi
986 3372 1166 3436 constitutor,

236 3463 277 3503 ω).
305 3451 382 3500 1199.
409 3449 467 3501 Vid.
499 3453 563 3516 0pp.
593 3450 613 3500 l.
642 3449 678 3497 ΙΙ.
708 3450 755 3515 ap.
782 3448 840 3511 141.
884 3451 915 3500 In
940 3453 1169 3512 Pseudo-Rainerii

241 3535 352 3585 Summa
371 3551 430 3600 cap.
450 3536 477 3587 3.
494 3532 533 3600 (in
553 3534 625 3585 Bibl.
644 3534 702 3588 1³1².
723 3551 796 3607 maa.
814 3535 890 3586 XXV.
913 3554 941 3603 p.
962 3537 1024 3606 263)
1044 3543 1108 3594 baeo
1127 3545 1169 3595 le·

237 3623 349 3681 gunture
369 3611 476 3671 ¹Tertia
492 3635 573 3670 cauea
600 3621 721 3670 haeresia
743 3627 799 3681 art,
830 3623 896 3686 quta
920 3639 1020 3673 uocum
1044 3634 1072 3676 at
1088 3635 1171 3678 uetur

241 3703 440 3754 Testamentum
454 3706 605 3773 vulgariter
620 3708 839 3756 transtulerunt:
859 3713 885 3756 et
902 3711 942 3760 εἰσ
957 3712 1052 3761 doceat
1067 3721 1093 3764 at
1107 3716 1165 3764 dir-

241 3795 315 3838 cuut.
352 3787 469 3850 Audiui,
498 3797 524 3840 et
547 3792 605 3840 atat
633 3793 766 3856 quendam
792 3794 926 3842 ruetioum
949 3797 1079 3862 idiotam,
1117 3804 1168 3865 qut*

241 3871 291 3922 Jot
315 3874 441 3924 raoltaor't
468 3877 500 3925 da
520 3878 598 3927 aerbo
617 3878 656 3928 ad
678 3870 811 3938 uerbum,
836 3886 863 3929 et
877 3882 992 3946 pluras,
1013 3885 1062 3947 qut
1080 3891 1169 3938 tatum

237 3972 339 4007 uocum
371 3958 570 4010 Testamentum
602 3963 723 4028 perfecta
754 3965 903 4017 sciverunt.
952 3967 1046 4018 Locum
1075 3971 1167 4024 citarit

241 4041 384 4091 Gieaelerua
404 4042 462 4094 Vol.
483 4045 519 4092 ΙΙ.
536 4045 569 4095 P.
592 4045 627 4093 ΙΙ.
649 4062 675 4110 p.
695 4044 756 4095 695.
778 4051 832 4095 not.
851 4063 874 4096 e.
916 4093 917 4096 ,
