2586 4718
660 295 722 354 tut

200 507 286 573 1389
315 523 406 592 aegre
432 501 527 570 tuitus
555 513 612 573 est.
661 500 840 571 cardinales
866 526 953 572 emm
980 508 1190 596 exacerbati,
1229 525 1233 532 '

197 624 280 714 quod
312 622 457 692 Urbanus
496 645 596 690 mores
630 623 836 707 elericorum,
867 627 1022 717 imprimis
1056 632 1189 721 prinei-

197 767 274 837 pum
304 766 411 810 eorum
423 793 434 825 ,
463 765 567 810 severe
597 746 751 835 corrigere
793 745 956 828 studebat,
990 724 1188 823 secesserunt

193 864 395 955 Anagniam‚
422 876 454 930 et
473 864 679 947 electionem,
706 890 799 957 quam
819 868 979 950 fecerant,
998 872 1120 962 qnippe
1140 871 1185 941 ad

193 1007 261 1055 eam
280 985 456 1075 compulsi,
476 986 597 1052 irritum
616 985 822 1057 declararunt.
844 990 951 1057 hlium
970 1011 1042 1057 rero
1056 991 1186 1063 Fundis

192 1104 245 1173 die
265 1110 308 1173 20
332 1105 525 1197 Septembris
542 1107 702 1198 elegerunt
721 1109 860 1200 Papam,
885 1112 1083 1194 Robertum,
1111 1111 1184 1183 Co-

188 1228 298 1294 mitem
315 1228 478 1310 Cenoma,
493 1229 572 1318 qui,
591 1225 734 1296 Clemens
750 1230 809 1297 vll
826 1244 1043 1324 nuncupatus,
1058 1233 1181 1302 Ponti·

192 1348 264 1414 fices
283 1348 386 1416 Gallos
405 1348 587 1415 imitabatur
606 1349 863 1442 hrenionemqne
879 1353 1025 1443 petebat,
1046 1354 1183 1425 Urbano
1249 1368 1254 1393 ¹

190 1481 297 1535 contra
318 1469 434 1535 homae
453 1483 676 1539 commorante.
709 1470 782 1537 Jam
800 1472 833 1536 in
848 1473 986 1540 Ecclesih
1000 1497 1180 1566 magnum,

189 1588 273 1680 quod
293 1588 430 1673 dicitur,
451 1591 597 1657 schisma
621 1591 828 1672 Occidentis,
849 1615 905 1684 per
925 1592 1093 1660 dimidium
1111 1596 1182 1672 fere

188 1711 343 1778 saeculum
369 1710 527 1791 obtinuit,
552 1712 584 1776 in
604 1734 752 1802 magnum
772 1711 976 1779 hierarchiae
996 1713 1180 1783 detrimen-

186 1844 268 1902 tum.
314 1831 432 1922 Papam
463 1844 654 1920 agnoverunt
687 1831 879 1899 Clementem
907 1833 968 1901 Vll
997 1834 1081 1902 Galli
1109 1833 1179 1903 bo-

185 1973 318 2042 rumque
336 1951 431 2033 socii,
456 1949 561 2034 Secti,
586 1952 748 2034 Sabaudi,
768 1951 970 2042 Lotharingi,
990 1954 1083 2044 paulo
1103 1971 1180 2046 post
1235 1944 1241 1957 ⁸

186 2076 306 2142 incolae
330 2072 476 2140 Castiliae
500 2087 532 2140 et
561 2075 775 2164 Arragoniae,
796 2088 890 2166 atque
907 2076 1059 2149 Navarri:
1087 2078 1180 2146 Ger-

185 2196 271 2263 mani
300 2217 393 2276 rero,
424 2193 541 2281 Angli,
569 2195 672 2274 Ilani,
704 2195 819 2277 Sueci,
850 2196 959 2262 Poloni
987 2209 1019 2263 et
1047 2196 1181 2267 borussi

184 2318 349 2387 Urbanum
368 2314 426 2386 vl.
472 2313 527 2381 Sic
545 2316 646 2382 unitas
665 2317 823 2384 Ecclesiae
842 2315 973 2383 Latinae
994 2316 1179 2410 disrumpo-

183 2439 295 2509 batur:
329 2437 391 2504 duo
417 2434 657 2521 uuncaderant
685 2437 717 2502 in
744 2437 848 2517 terrai,
875 2435 988 2502 deinde
1012 2436 1179 2512 interdum

184 2571 269 2640 tres,
300 2554 418 2623 Christi
446 2556 578 2637 vicarii,
598 2558 653 2646 qui
673 2557 785 2646 singuli
804 2561 922 2623 summi
940 2557 1182 2629 concertatione

184 2677 224 2744 de
255 2677 387 2768 imperio
415 2676 631 2743 Ecclesiastico
661 2675 870 2758 dimicarunt,
895 2653 1018 2766 sibique
1036 2676 1181 2749 invicem

184 2797 266 2864 diras
300 2797 464 2886 imprecati
496 2807 579 2865 sunt.
636 2796 730 2863 Haud
761 2819 830 2863 raro
860 2819 986 2887 quoque
1015 2796 1055 2863 ad
1084 2823 1180 2870 armo

182 2919 264 2986 itum
292 2929 349 2987 est.
397 2917 518 2985 Habuit
544 2932 648 2985 autem
675 2916 736 2985 hoc
755 2916 889 2985 schisma
907 2920 1035 2986 effeetus
1054 2921 1178 2991 exitio·-

183 3065 247 3119 sos,
268 3060 339 3105 cnm
360 3038 538 3105 auctoritati
561 3039 687 3128 papali,
715 3051 782 3106 tum
814 3040 910 3106 reteri
932 3039 1117 3131 disciplinae
1139 3059 1176 3113 et

180 3161 320 3227 moribus
346 3160 515 3229 Ecclesiae.
564 3158 712 3242 Fluctus,
739 3161 852 3250 quibus
872 3184 904 3228 se
925 3162 1064 3252 objicere
1081 3163 1178 3232 nite-

181 3283 295 3349 bantur
314 3279 502 3361 Pontifices,
522 3281 554 3345 in
577 3302 628 3346 eos
648 3281 729 3369 ipsos
748 3280 838 3370 vulgo
858 3283 1097 3356 redundabant:
1121 3286 1179 3353 di·

182 3401 281 3491 gnitas
299 3422 406 3465 eornm
427 3414 457 3467 et
476 3413 609 3498 potestas
626 3401 841 3490 frangebatur:
860 3425 897 3468 ac
910 3405 1064 3496 populus,
1080 3385 1171 3491 illos,

81 3596 84 3602 Δ
180 3523 235 3614 qui
263 3544 294 3587 se
325 3520 484 3588 Christum
513 3522 545 3586 in
574 3524 657 3588 terrai
683 3534 915 3613 repraesentare
945 3525 1174 3613 affirmabant,

179 3641 347 3734 discordias
376 3641 565 3716 concitantes
592 3641 699 3709 videns
711 3692 720 3724 ,
746 3654 776 3710 et
794 3641 969 3727 haesitans,
994 3669 1169 3737 quemnam

177 3786 212 3830 ex
240 3764 278 3830 iis
305 3784 414 3829 rernm
441 3775 619 3850 agnosceret
647 3763 802 3829 Ecclesiae
829 3781 924 3857 caput
936 3817 946 3848 ,
974 3769 1006 3833 in
1027 3767 1167 3835 dubium

177 3904 288 3950 rooare
323 3882 428 3972 coepit
459 3882 675 3950 auctoritatem
711 3884 927 3969 Pontifioiam,
963 3887 1066 3980 deque
1095 3882 1166 3955 Pa·

175 4029 286 4096 parum
312 4002 475 4072 sanctitate
499 4017 531 4070 et
556 4005 778 4073 infallibilitate
808 4008 961 4082 diffidere.
1021 4010 1079 4080 llis
1103 4033 1167 4077 ac-
