2586 4718
432 239 445 267 “x

664 259 790 346 as'

189 473 283 548 runt.¹
314 476 574 566 lrciriepiscopus
592 487 753 565 practerea
772 475 1001 546 cantuariensis
1024 481 1167 550 visitatos

186 603 287 682 riam,
322 622 400 690 quae
428 595 609 677 dicebatur,
641 608 827 687 potestatem
849 599 1011 667 exercebat
1029 601 1062 667 iu
1079 601 1164 670 Uni·
1250 615 1255 625 '

184 722 362 788 versitatem
392 716 619 797 oxoniensem,
643 729 737 806 atqne
758 714 971 785 dioecesanam
991 720 1163 812 Episcopus

181 842 422 922 lincolniensis,
446 864 463 907 a
478 863 541 929 quo
551 837 783 929 comprobanda
792 840 888 906 etiam
898 853 962 907 erat
975 839 1160 909 cancellarii

181 964 356 1053 cooptatio,
375 985 393 1027 a
410 961 565 1050 magistris
583 960 666 1026 facta
681 968 708 1029 ¹.

231 1084 285 1151 Uti
303 1105 375 1150 rero
394 1082 584 1150 Universitas
603 1081 693 1148 istam
706 1079 791 1147 Cleri
806 1083 1021 1149 anctoritatem
1032 1087 1162 1152 moleste

178 1204 299 1271 ferebat
320 1213 358 1284 ²,
391 1203 435 1269 ita
464 1223 570 1291 graves
600 1202 630 1268 ei
658 1215 747 1269 erant
776 1199 909 1269 subinde
935 1208 1159 1276 controversiae

177 1347 250 1393 cnm
270 1325 388 1392 civibus
406 1337 438 1391 et
455 1323 685 1415 magistratibus
705 1322 792 1389 urbis
810 1321 1011 1408 Oroniensis,
1031 1330 1161 1417 quaein

168 1445 289 1513 borum
318 1460 422 1512 tamen
452 1444 674 1511 detrimentum
702 1443 889 1534 plerumque
916 1443 1157 1519 dirimebantur.

98 1561 119 1599 ¹
173 1567 319 1655 Namque
338 1565 529 1635 Universitas
542 1566 615 1654 jura
634 1579 736 1631 suaet
756 1566 919 1656 privilegia
938 1579 1064 1634 strenue
1083 1570 1156 1636 rin-

47 1671 50 1676 *
173 1686 311 1759 dicabat.
358 1685 423 1754 Sed
441 1708 543 1775 neque
563 1686 629 1775 ipsa
644 1707 766 1775 semper
779 1708 890 1777 pacem
906 1687 990 1754 intus
1006 1685 1168 1760 forebatz'

171 1809 298 1876 scissum
326 1830 424 1898 quum
453 1819 531 1874 esset
550 1787 662 1896 corpus
681 1807 899 1896 magistrorum
920 1822 952 1876 et
968 1804 1156 1878 scholarium

171 1930 293 1997 saeculo
312 1929 393 1996 Xlll
414 1929 446 1994 in
465 1926 540 1994 duas
556 1941 769 2019 partes,qnae
780 1929 952 2020 duplorum
964 1929 1156 1998 Boreclsism
1191 1913 1194 1922 ’

171 2064 203 2118 et
218 2049 433 2117 lustralium
451 2050 578 2116 nomine
596 2050 772 2138 sejunctae,
791 2048 1052 2117 Procuratorem
1060 2075 1155 2144 coop-

89 2154 112 2180 '¹
171 2182 308 2254 tare'rant
325 2171 484 2260 singulae,
500 2182 532 2236 et
549 2169 685 2237 Wioliffi
695 2168 799 2237 adhuc
814 2185 915 2239 aetate
932 2169 1114 2263 supererant
1126 2181 1154 2245 3.

169 2330 490 2348 ...ι-σῇ*

199 2402 208 2436 ¹
232 2395 520 2461 ct.wood.1..1.p.
542 2395 701 2460 106,‚125,
723 2396 789 2460 127,
811 2397 923 2462 128310.
944 2400 979 2449 ll·
998 2418 1025 2467 p.
1046 2403 1098 2452 386
1117 2418 1157 2467 sq.

196 2484 308 2533 ¹·lnno
340 2480 407 2529 1368
433 2479 465 2528 ab
488 2480 591 2530 Urbano
617 2482 640 2532 V
667 2483 833 2549 impetratum
850 2482 971 2544 iuit‚=ut
986 2485 1018 2534 ab
1036 2488 1160 2554 Episcopo

204 2598 208 2605 ι
239 2567 311 2616 linc.
339 2562 408 2613 haud
433 2564 542 2630 amplius
568 2566 758 2616 confirmandus
784 2570 852 2616 esset
877 2583 958 2618 nurus
980 2570 1162 2626 cancellarius.

171 2701 177 2710 ,
235 2651 293 2702 Vid.
316 2650 388 2700 basila
402 2651 532 2716 papalis,
552 2668 594 2718 ap.
612 2651 770 2709 Woodium‚
792 2650 819 2699 l.
841 2651 862 2699 1.
890 2668 917 2716 p.
941 2654 1000 2708 tes.
1039 2654 1161 2709 Nonnulli

236 2736 373 2801 scriptores
388 2735 524 2786 memoriae
542 2736 732 2801 prodiderunt,
752 2733 912 2783 bonifacium
930 2735 1012 2796 VIII,
1029 2738 1101 2790 bullat
1118 2743 1164 2792 sua

238 2835 305 2870 auno
324 2819 387 2868 1³01
407 2835 495 2886 regum
514 2819 616 2871 indulta
630 2820 714 2870 omnia
727 2817 894 2888 Universitati
911 2819 1048 2870 Orontensi
1065 2825 1160 2873 confir.

238 2907 370 2964 mantem,
390 2904 465 2953 simul
483 2922 538 2955 eam
557 2907 679 2956 exemisse
703 2903 736 2954 da
754 2890 964 2970 Archiepisoopi,
978 2906 1160 2972 Episcopornm

237 2990 266 3038 et
280 2976 407 3037 Ordiunrii
422 2990 547 3054 cujusque
556 2992 704 3054 potestate:
724 2987 792 3038 hanc
800 3003 861 3037 vero
872 2988 1041 3037 immunitatis
1051 2995 1159 3039 conces·

237 3073 334 3122 sionem
360 3088 491 3138 perperam
509 3072 620 3122 adscribi
646 3072 777 3122 liouilacio
801 3064 877 3127 Vllls
888 3074 982 3123 multas
1012 3072 1045 3123 ob
1071 3090 1160 3127 causus

235 3157 327 3208 merito
346 3157 484 3207 arbitratus
504 3161 543 3207 est
562 3157 703 3217 Woodius,
726 3173 834 3221 eamque
853 3175 868 3210 a
888 3159 1020 3208 liosrisacio
1037 3161 1072 3211 tx
1091 3149 1160 3212 anno

238 3243 304 3292 1389
330 3241 490 3306 impetratam
514 3242 592 3291 tuisse
616 3242 719 3292 statuit.
753 3241 782 3293 l..
802 3243 824 3292 1.
848 3261 874 3309 p.
896 3241 945 3291 146
960 3259 999 3305 sq.
1037 3244 1157 3293 Attamen

235 3325 379 3394 posthunc
395 3326 472 3376 etiarn
489 3342 602 3386 aunum.
622 3326 730 3375 multum
748 3324 798 3374 bae
815 3324 847 3375 de
864 3341 892 3374 re
907 3325 1035 3389 litigatum
1044 3331 1084 3375 est
1093 3328 1157 3376 Uni·

235 3414 383 3464 cessitatem
401 3412 469 3463 iuter
484 3415 511 3460 et
525 3411 751 3476 Arcbiepiscopum
767 3410 852 3467 Cant..
869 3413 949 3472 atque
964 3411 1097 3459 concessio
1113 3411 1158 3462 illa

235 3498 379 3549 intermissa
405 3496 504 3561 saepius
531 3499 601 3556 est‚·
615 3494 698 3544 donec
723 3508 790 3542 anuo
820 3491 886 3541 1479
904 3493 988 3541 Sirius
1005 3493 1042 3542 tv
1058 3495 1158 3546 bullans

235 3581 410 3633 Essmts'ossis
426 3580 462 3628 lio
481 3579 487 3590 '
542 3577 743 3627 'confirmaritr
762 3591 778 3625 a
796 3591 848 3639 quo
866 3575 924 3625 inde
941 3581 1055 3643 tempore
1071 3582 1157 3631 nullus

236 3667 344 3732 amplius
364 3576 579 3729 Archieplaepus
595 3646 785 3720 visitationem,
807 3676 883 3724 quam
898 3660 1007 3720 dicunt,
1027 3665 1156 3717 Universi·

237 3751 298 3799 tatis
317 3748 440 3798 instituit.
476 3743 878 3810 wood.1..1.p.230-2³2.
1155 3797 1161 3809 ‚

197 3836 208 3872 s
233 3836 285 3885 flac
311 3834 395 3898 partes
421 3829 581 3893 aliquatenus
610 3844 669 3878 cum
692 3827 851 3878 notionibus
866 3830 893 3879 iu
910 3833 1080 3885 Universitate
1106 3838 1155 3886 Pa.

236 3917 315 3967 sisini
340 3912 481 3982 comparari
504 3916 620 3978 possunt.
648 3937 683 3951 -
711 3913 906 3975 Procuratores
930 3919 1016 3969 adesse
1036 3920 1155 3970 solebant

188 3984 192 3993 ⁵
237 3998 394 4053 cancellario
419 4011 470 4047 una
489 4011 548 4047 cum
573 3995 791 4061 commissoriis,
819 4000 864 4064 qui
886 4001 1053 4066 dicebantur,
1077 4002 1154 4056 modo
