2586 4718
564 305 625 370 129

110 521 181 590 sede
207 540 369 600 concessa,
399 532 430 585 et
442 530 576 615 propter
593 519 752 587 scientiam
770 519 1021 617 seripturarum,
1046 524 1077 590 iu

87 695 88 698 ,
111 656 240 732 quarum
260 643 368 731 pelago
387 641 489 707 loelici
508 641 639 728 remigio
659 639 766 728 (dante
785 641 931 728 Domino)
952 643 1077 732 naviga*

111 764 171 846 tis,
190 775 336 851 tanquam
354 760 473 851 pugiles
491 771 521 825 et
541 774 781 850 propugnatores
801 761 986 828 orthodoxae
1001 762 1076 828 fidei
1132 820 1135 827 .

110 882 189 968 (sine
209 904 269 971 qua
288 881 366 946 salus
385 854 560 945 animarum
577 903 637 946 uon
652 882 807 971 provenit)
823 903 887 948 esse
903 880 1076 962 deberetis,
1168 969 1169 972 Ἴ

107 1001 226 1068 lollium
245 1001 327 1066 inter
347 1022 461 1090 purum
480 1000 616 1067 triticum
635 1000 739 1090 campi
757 1000 879 1090 gloriosi
893 999 998 1068 Studii
1011 1023 1078 1069 ses·

108 1121 150 1186 tri
168 1119 321 1211 praedicti
334 1169 345 1202 ‚
358 1142 416 1210 per
431 1110 586 1212 quandam
606 1120 755 1186 desidiam
771 1132 802 1186 et
818 1121 987 1210 ignaviam,
1005 1144 1079 1213 pcr-

108 1241 232 1305 mittitis
265 1240 437 1330 pullulare,
470 1253 522 1322 et,
552 1239 636 1330 quod
663 1252 707 1306 est
736 1241 937 1335 perniciosius
964 1243 1057 1309 etiam
1069 1293 1079 1325 ,
1166 1254 1168 1258 ’

108 1355 253 1441 adolere,
275 1382 334 1426 nec
352 1362 434 1426 oiroa
454 1362 687 1451 extirpationem
705 1358 796 1450 hujus
814 1361 892 1428 lollii
909 1353 1003 1450 (sieut
1022 1386 1082 1428 nu·
1191 1456 1193 1460 Ι

53 1488 56 1495 ’
82 1503 85 1531 ³
108 1501 166 1569 per
194 1478 276 1569 apud
293 1463 357 1546 'nos
376 1481 522 1568 insonuit)
543 1503 648 1581 euram
668 1478 802 1572 aliquam
823 1480 999 1560 adhibetis,
1019 1505 1080 1549 non

107 1601 171 1665 sine
194 1600 269 1665 olari
291 1601 432 1668 nominis·
451 1597 686 1682 obfuscatione,
719 1613 750 1667 et
770 1602 943 1667 animarum
963 1616 1082 1688 restru-¹

95 1709 363 1810 ‘rum'perioulo,
396 1733 428 1786 et
455 1734 649 1811 contemptu¹
663 1721 819 1788 Ecclesiae
850 1723 1030 1803 Romanae,
1051 1735 1083 1790 et

107 1853 293 1906 memoratae
327 1835 412 1907 fidei
433 1819 631 1910 detrimento,
692 1841 732 1907 Et
762 1839 847 1930 quod
874 1863 929 1906 nos
959 1854 1083 1931 torquet

19 2000 36 2025 -,
106 1943 267 2041 acerbius,
297 1961 383 2051 prius
410 1959 449 2026 de
472 1962 663 2027 incremento
682 1960 759 2025 lollii
779 1960 933 2048 praedicti
954 1962 1085 2026 sentitur

107 2081 141 2146 iu
177 2083 293 2160 Roma,
332 2103 424 2168 quam
460 2080 492 2143 in
519 2079 631 2166 anglia
643 2127 655 2160 ‚
682 2078 738 2143 ubi
768 2091 871 2147 tamen
900 2080 1084 2170 extirpatio-

106 2201 155 2265 uis
181 2197 356 2264 remedium
384 2210 601 2287 apponeretur.
658 2192 1001 2288 Multorum'siquidem
1021 2200 1085 2268 fide

65 2357 67 2360 >
106 2316 270 2407 dignorum
299 2301 528 2399 insinuatione,
557 2315 726 2382 admodum
753 2312 943 2401 dolentium,
973 2322 1083 2387 uostris

106 2449 151 2505 est
184 2437 312 2503 auribus
343 2438 544 2516 intimatum,
570 2435 748 2504 Johannem
777 2437 948 2526 Wycttef,
976 2451 1084 2532 recto-

107 2579 174 2623 rem
208 2558 365 2624 Ecclesiae
399 2556 438 2622 de
471 2556 678 2623 Luttleworth
710 2558 932 2626 Linooluiensis
961 2559 1081 2641 dioec„

107 2672 211 2742 sacrae
243 2678 373 2768 paginae
405 2677 631 2767 professorem,
657 2674 777 2742 utinam
807 2701 869 2744 non
899 2679 1082 2769 magistrum
1126 2762 1131 2770 s

108 2819 246 2863 errorum
258 2844 270 2879 ,
305 2798 337 2862 in
363 2796 450 2862 illam
480 2794 693 2862 detestabilem
721 2798 857 2888 erupisse
882 2800 1080 2883 vecordiam,

105 2917 266 2982 nonnullas
285 2917 509 3006 propositiones
528 2931 559 2983 et
578 2917 789 2984 conclusiones
809 2940 950 2986 erroneas
968 2934 1000 2987 et
1017 2921 1081 2986 fal-

7 3038 9 3046 ’
105 3062 172 3117 sas,
196 3060 233 3103 ac
252 3038 403 3127 pravitate
423 3037 584 3102 haereseos
603 3039 772 3126 sapientes,
797 3062 877 3128 quae
895 3052 1006 3105 statum
1027 3043 1079 3105 to-

29 3139 35 3160 Ι
104 3158 166 3227 tius
190 3157 367 3236 Ecclesiae,
391 3169 420 3221 et
442 3155 536 3221 etiam
556 3156 722 3221 secularem
741 3158 883 3246 politiam
901 3160 1078 3225 subrertcre

103 3287 134 3344 et
162 3268 308 3342 enarrare
333 3270 496 3356 nituntur,
524 3297 718 3364 quarumque
745 3277 887 3365 aliquae,
912 3279 985 3344 licet
1004 3279 1079 3367 qui·
1155 3344 1157 3352 Α

101 3395 233 3462 ‘busdam
261 3396 387 3464 mutatis
403 3393 573 3477 rumicis,
608 3396 720 3460 sentire
747 3395 893 3462 sidentur
920 3398 1080 3488 opiniones

100 3525 139 3580 'et
170 3514 342 3582 doctrinam
374 3515 531 3582 indoctam
561 3514 722 3584 damnatae
750 3490 918 3603 memoriae
948 3519 1078 3588 Marcilii

108 3632 149 3700 dc'
183 3634 287 3701 Padua
319 3650 349 3704 et
384 3636 537 3704 lohannes
568 3634 608 3702 de
641 3636 814 3718 Ganduno,
845 3640 1076 3729 quorumlibet,

108 3777 164 3844 per
187 3755 305 3820 foelicis
321 3757 541 3824 reeordationis
555 3749 730 3834 Johannem
746 3759 862 3849 Papam
877 3760 969 3827 XXll
988 3782 1078 3848 prae·

97 3873 297 3941 decessorem
332 3892 490 3958 nostrum,
517 3875 710 3967 'reprobatus
743 3870 847 3946 extitit
878 3895 910 3944 et
944 3879 1077 3944 damua-

98 4008 177 4083 tns,
196 3996 229 4064 in
247 4018 342 4085 regno
363 3995 493 4086 Angliae
509 4021 622 4088 nempe
640 3999 770 4088 glorioso
790 4001 928 4090 potentii
944 4012 974 4069 et
987 3997 1074 4092 copial

889 4131 900 4165 9

1050 4350 1161 4424 Δ
