2586 4718
649 323 714 389 214

198 563 277 633 quae
291 536 457 618 credebat,
473 559 492 603 a
507 557 539 605 ae
554 533 649 623 dirigi
663 531 704 600 ad
714 552 854 600 normam
864 533 1025 623 Euangelii
1036 531 1186 620 curati,

199 660 282 750 quod
298 659 502 748 Euangeiium
518 654 712 722 existimabat
725 675 789 722 ease
804 655 909 743 legem·
920 652 1082 737 divinam,
1098 671 1189 747 qua·

198 782 244 851 ria
262 782 320 848 aiii
338 781 407 870 lege
425 780 517 868 longe
534 778 746 868 superiorem,
760 779 909 866 cujusque
927 777 1017 844 effata
1034 787 1069 843 et
1087 798 1188 867 pree·

198 915 288 992 cepta
318 901 487 991 praecipue
513 911 600 967 erant
625 896 814 965 observanda
842 921 858 963 a
891 898 1033 965 Romano
1065 897 1189 967 Ponti-

96 1010 101 1020 ’
198 1024 281 1105 fiee,
311 1021 367 1111 qui
390 1042 454 1089 sese
483 1018 609 1087 dicebat
637 1040 816 1108 supremum
843 1017 875 1083 in
896 1018 978 1084 terri
996 1014 1115 1085 christi
1136 1018 1190 1085 vi·

200 1145 332 1212 carium.
380 1141 491 1230 Neque
520 1137 612 1229 hujus
641 1138 748 1206 vicarii
770 1113 954 1227 dignitatem
971 1149 1003 1204 et
1022 1138 1190 1227 magnitu-

199 1265 308 1330 dinem
348 1261 540 1328 metiendam
576 1280 639 1328 eme
671 1260 803 1350 putabat
829 1258 993 1351 splendore
1016 1259 1190 1342 terrestri,

200 1386 253 1455 sed
270 1385 428 1477 probitate
441 1398 472 1453 et
488 1385 570 1453 ritae
585 1383 781 1473 integritate,
798 1380 968 1449 secundum
983 1380 1059 1447 Jeau
1079 1402 1193 1449 erem-

197 1509 298 1600 plum.
329 1504 469 1573 Christus
488 1504 594 1584 euim,
616 1504 741 1594 inquit,
762 1525 856 1593 quem
876 1500 1029 1568 imitando
1048 1522 1192 1591 reprae-

198 1641 318 1696 sentare
346 1625 380 1691 in
408 1624 468 1691 heo
496 1626 578 1697 terri
606 1623 700 1691 debet
728 1644 866 1691 summm
886 1622 1045 1703 Pontifex,
1073 1623 1191 1691 animo

199 1762 266 1815 erat
299 1744 470 1813 admodum
503 1745 639 1836 simplici
667 1756 699 1811 et
721 1744 862 1813 modesto
885 1745 1090 1835 omniumque
1119 1743 1192 1812 ho·

197 1870 320 1937 minum
346 1868 584 1959 pauperrimam
616 1888 656 1935 ue
682 1864 796 1933 habuit
826 1863 954 1955 quidem
966 1912 977 1946 ,
1006 1864 1062 1933 ubi
1085 1887 1192 1933 recu·

197 1991 303 2061 beret.
348 1989 536 2057 Declarabat
563 2010 679 2078 porro,
709 1986 974 2077 persuasissimum
1006 1984 1066 2053 eibi
1095 2008 1190 2068 esee,

195 2110 337 2179 homines
370 2131 434 2178 non
465 2120 613 2199 oportere
641 2107 759 2175 imitari
788 2107 928 2196 Papam,
956 2129 1059 2197 neque
1087 2108 1192 2175 etiam
1262 2134 1265 2139 ·

198 2233 325 2299 beatum
359 2229 476 2307 ulium,
513 2227 554 2294 ad
582 2227 745 2295 beatorum
774 2226 861 2297 aedes
883 2231 951 2318 jam
979 2228 1164 2318 proiectum
1175 2278 1189 2313 ,

197 2350 258 2420 niai
287 2364 439 2443 quotenus
467 2348 625 2419 Christum
655 2348 707 2417 ilie
734 2350 935 2431 imitaretur,
959 2347 1067 2416 veihi
1101 2351 1190 2420 tuis-

197 2486 266 2540 rent
290 2472 426 2554 imitati3
455 2493 528 2539 num
555 2470 710 2540 Jacobum
732 2484 765 2538 et
789 2469 966 2538 iohannem
997 2492 1114 2539 errasse
1134 2471 1192 2540 di·

199 2594 305 2678 cebat,
329 2615 366 2661 ao
387 2613 528 2682 peccasse
556 2593 686 2660 Petrum
710 2605 742 2659 et
761 2592 907 2664 Panium.
954 2592 1097 2663 salutare
1123 2592 1190 2683 igi-

197 2727 250 2782 tur
281 2695 346 2782 'sibi
379 2711 544 2783 ridebatur
573 2711 648 2779 dare
675 2715 778 2804 Papae
807 2714 989 2794 eonsilium,
1017 2712 1188 2784 exhortans

199 2858 293 2915 eum,
326 2846 359 2903 ut
389 2835 474 2902 omni
506 2858 538 2908 ee
564 2835 726 2904 abdicaret
754 2847 908 2925 potestate
931 2833 1023 2903 cirili
1042 2847 1075 2904 et
1100 2834 1189 2905 hano

197 2956 270 3025 eolis
297 2955 493 3047 principibus
521 2971 552 3025 et
578 2955 717 3023 dominis
744 2957 952 3026 saecularibus
974 2953 1162 3029 concederet
1173 3006 1185 3040 ‚

200 3093 298 3170 utque
316 3077 355 3147 ud
378 3077 412 3150 id
429 3079 560 3147 incitare
576 3077 736 3149 festinaret
749 3091 849 3149 totum
867 3078 993 3149 Glanum
1006 3086 1034 3151 ¹.
1052 3077 1185 3165 ..Quodsi

229 3313 239 3349 ¹
264 3313 299 3364 Ut
322 3311 403 3376 hujue
427 3306 531 3360 concilii
554 3303 606 3359 vim
629 3304 819 3370 intelligamus,
847 3303 980 3362 redeamne
999 3305 1027 3357 in
1042 3305 1193 3369 memoriam

263 3413 365 3455 rerum,
391 3408 456 3457 quae
469 3380 542 3439 ‘tnnc
560 3389 587 3438 in
607 3384 684 3438 Italid
704 3376 791 3454 geitae
808 3385 884 3453 aunt,
909 3388 1054 3454 quibueq'ue
1068 3378 1144 3439 'vaide'
1162 3407 1195 3442 ae

261 3478 400 3530 immiscuit
416 3475 530 3527 Urbanus
547 3474 593 3526 Vl.
629 3474 708 3524 iiicce
727 3491 819 3540 nempe
837 3477 907 3542 Papa
926 3475 1194 3537 excommunicarent

184 3568 186 3573 '
265 3563 427 3620 iohannem,
454 3562 565 3610 utentem
589 3575 604 3610 e
627 3559 743 3625 pertibus
770 3560 1195 3626 Papaecdmimeaem‚.atque
1218 3610 1221 3615 .

263 3662 371 3711 regnum
396 3643 591 3709 Neapolitanum
615 3647 740 3707 tunquam
754 3644 866 3699 fiendum
893 3645 1039 3694 contuierat
1063 3643 1091 3693 in
1110 3645 1194 3695 Caro-

263 3733 317 3781 lum
334 3730 392 3789 111,
413 3728 555 3796 principem
573 3727 808 3778 Durracii....1inde
825 3727 922 3777 beilum
940 3732 1065 3780 exortum.
1104 3729 1194 3780 Ludo.

262 3817 334 3867 vicue
357 3818 459 3874 autem,
490 3815 547 3864 Dux
571 3811 778 3875 indemnia,
805 3828 894 3876 quam.
907 3815 1027 3865 Joheuna
1055 3813 1136 3864 filium
1161 3818 1192 3866 ei

262 3917 433 3952 euoceeaorem
451 3897 635 3964 adoptaverat,
656 3895 706 3945 hoc
722 3888 777 3961 ipen
795 3898 994 3963 annd'ssiiffl),
1013 3899 1115 3949 Italiam
1130 3915 1192 3952 cnm

261 3984 376 4037 exercitu
410 3980 548 4032 evadente.
585 3976 687 4028 Proelia
709 3994 771 4030 vero
792 3983 945 4042 comminuo,
965 3981 1058 4033 Urbani
1078 3983 1191 4035 vocalius

263 4071 295 4121 de
313 4068 439 4120 indutiae
459 4064 593 4117 vitiorium
611 4063 776 4128 reperieriis
885 4104 890 4123 ,
993 4067 999 4076 ”
