2586 4718
673 286 735 350 100

216 496 435 591 ipsiltlliolitlo
453 495 604 588 ejusmodi
622 498 833 588 provinciam,
851 498 891 564 ad
909 503 1204 595 quameuscipien-

215 619 288 687 dam
305 616 483 687 'admodum
509 616 637 685 idonens
655 617 844 701 ridebatur,
868 620 961 686 facile
979 622 1203 715 intelligimus.

204 740 292 806 ¹Viro
320 742 403 806 eninr
431 741 477 806 illi
505 740 644 820 efficaci,
679 741 735 830 qui
763 741 830 830 ipso
857 741 953 808 ririlis
983 745 1202 815 tetenstete

213 845 302 944 erat,
331 861 433 950 (natus
456 874 530 927 tunc
554 883 648 927 annos
666 861 791 926 circiter
811 874 881 928 octo
900 875 930 929 et
950 864 1201 956 quadraginta),

213 984 264 1050 ria
293 983 488 1073 aperiebatur
515 1005 595 1049 nova
614 995 646 1049 et
673 982 775 1072 ampla
786 1030 797 1064 ,
827 985 887 1072 qui
915 984 1047 1050 saniores
1066 1009 1135 1053 suas
1154 987 1204 1056 de

141 1086 145 1094 ⁸
214 1103 365 1194 religione
380 1102 554 1173 Christiani
566 1103 763 1194 potissimum
772 1103 938 1171 sententias
948 1108 1201 1178 communicaret

213 1246 286 1290 cunr
314 1225 387 1291 viris
418 1226 451 1290 in
469 1247 564 1314 regno
585 1223 716 1314 Angliae
734 1223 971 1306 eruditissimis,
994 1239 1116 1293 etcum
1138 1228 1200 1295 lu-

212 1341 291 1412 taris
310 1345 556 1436 presbyterissae
575 1345 773 1428 doctoribus3
801 1359 868 1413 tum
889 1369 961 1414 roro
979 1348 1092 1430 ctiam,
1113 1373 1199 1440 pro-

191 1480 193 1488 ’
212 1488 327 1557 pagens
345 1489 399 1532 sua
417 1467 531 1555 placita
549 1488 606 1557 per
624 1465 857 1532 celeberrimam
876 1466 1007 1559 Angliae
1025 1467 1174 1538 Scholem
1184 1518 1197 1552 ,

210 1584 293 1651 unde
324 1585 468 1652 universo
496 1587 611 1678 populo
639 1587 691 1654 lux
719 1586 938 1668 oboriebatur,
973 1601 1093 1679 poterat
1121 1589 1197 1658 loco

210 1705 330 1789 bocco,
362 1729 424 1797 quo
454 1720 542 1789 erat,
571 1708 727 1798 superiore
751 1707 862 1775 eximie
884 1707 1050 1798 providere
1078 1732 1196 1776 emen-

203 1825 327 1894 dationi
345 1828 504 1895 Ecclesiae
523 1827 723 1917 Anglioanae.

189 2034 198 2045 η
252 1945 371 2015 Habuit
397 1961 501 2016 autem
525 1949 682 2016 Wicliffus
706 1949 874 2032 lectiones,
901 1971 980 2040 quae
999 1945 1193 2019 vocabantur

209 2070 433 2139 cathedrales.
490 2071 570 2137 Nam
604 2070 715 2162 duplex
748 2082 814 2136 erat
844 2071 877 2136 in
905 2070 1074 2138 Academia
1101 2071 1194 2141 Oro-

163 2167 166 2174 *
206 2191 307 2258 niensi
326 2192 570 2281 praelectionum
589 2215 707 2284 genus3
732 2189 931 2258 habebantur
950 2193 1098 2259 lectiones
1115 2202 1190 2260 sta·

117 2349 121 2359 ·
205 2321 281 2393 tae,
309 2336 385 2403 quas
403 2311 499 2379 etiam
528 2315 726 2380 ordinarias
756 2312 975 2402 appellabant,
994 2324 1040 2380 ¹et
1070 2315 1188 2380 cathe-

206 2433 342 2529 drales,
376 2434 436 2500 illis
463 2437 651 2526 antiquiores
681 2445 713 2499 et
743 2446 915 2523 spectantes
940 2435 1122 2525 praesertim
1146 2435 1189 2502 ad

182 2552 414 2646 -vtheologiam,
435 2549 547 2645 quibus
556 2601 566 2636 ‚
581 2566 730 2642 regnante
754 2553 891 2628 Henrioo
909 2554 979 2634 Ill,
994 2543 1194 2646 stipendium¹

205 2675 391 2765 assignatum
411 2690 487 2748 erat.
534 2673 692 2743 Wioliffus
713 2673 807 2762 igitur
825 2675 860 2738 in
877 2675 982 2764 plures
997 2676 1188 2745 annosbisoe

194 2788 387 2864 'lectionibus
414 2787 485 2864 curn
511 2816 632 2863 summo
652 2793 831 2861 auditorum
843 2795 1001 2883 ¹applausu
1023 2796 1188 2866 defunctus

206 2915 270 2984 esse
285 2916 446 3000 dicitur1,
470 2922 522 2984 ita
539 2921 576 2980 at
594 2913 652 2997 (ait
670 2912 863 3002 Lelandue2)
886 2919 995 2982 omnia
1005 2965 1014 2997 ,
1034 2917 1188 3007 quaeda·

207 3050 316 3121 caret,
339 3049 496 3131 taroqmm
514 3059 533 3102 e
553 3035 685 3125 trzpode
703 3034 817 3116 diota,
840 3036 1066 3105 crederentur.
1106 3037 1188 3104 Per-

69 3244 73 3252 ·
128 3199 130 3204 =
207 3159 299 3249 gebat
333 3179 458 3252 quoque
482 3155 644 3246 increpare
671 3156 704 3220 in
734 3155 862 3223 clericos
874 3206 884 3237 ,
908 3159 1042 3223 maxime
1060 3158 1092 3222 in
1112 3180 1187 3225 mo·

205 3278 321 3348 nachos
344 3276 575 3356 Mendicantes,
597 3276 671 3342 vitia
692 3291 724 3343 et
739 3279 973 3368 perversitatem
988 3265 1189 3368 ipsorum,et
1223 3322 1225 3327 ·

208 3368 443 3491 (utilelandus
458 3392 582 3487 quoque
601 3410 728 3464 testatus
743 3399 801 3487 cst)
819 3403 855 3464 in
862 3399 1012 3489 publicis
1022 3400 1187 3489 praelec-

203 3520 347 3590 tionibus
374 3527 472 3608 alque
500 3521 593 3585 alias
614 3522 779 3611 privatim
790 3569 800 3601 ,
832 3520 1009 3585 vellicabat
1037 3521 1186 3588 Romani
1262 3500 1267 3512 ⁸

204 3639 380 3728 Pontaflct's
398 3646 520 3717 artum,
541 3643 745 3719 avaritiam,
765 3639 992 3723 ambitionem,
1012 3665 1053 3707 aa
1066 3650 1186 3728 tyran·
1230 3711 1233 3716 ,

205 3762 334 3837 ardeam·
355 3756 403 3825 εἰσ
412 3770 540 3850 putans
547 3763 725 3850 faturum,
744 3767 780 3823 ut
799 3758 1001 3828 Christiana
1014 3763 1187 3842 melecta,

200 3930 512 3943 w-—n--n-——b

234 4026 319 4081 avar.
339 4028 433 4080 woor.
448 4027 493 4078 ran.
514 4027 550 4080 11.
578 4043 603 4095 p.
625 4026 712 4076 an·
732 4026 955 4094 aapuanaream.
968 4029 1078 4081 cento.
1090 4045 1115 4095 p.
1128 4005 1189 4078 rao.
