2586 4718
631 339 692 402 tat

173 556 294 623 Acriter
322 567 427 620 tamen
451 562 624 643 pugnatum
643 563 710 632 est,
730 563 763 616 et
782 552 855 618 urbs
873 545 914 616 ab
933 552 1041 643 buglis
1057 576 1150 620 occu·

171 689 265 766 pata;
287 673 399 764 quibus
419 672 556 739 victoriis
575 671 672 738 elatus
683 720 694 752 ,
715 670 889 762 Episcopus
908 671 1026 763 Ypram
1046 674 1154 740 obses-

171 818 239 864 sum
274 795 343 863 ivit.
399 793 473 860 Jam
508 813 602 873 vero,
640 815 738 883 quum
772 779 1008 874 Gandarenses‚
1043 793 1155 883 quibus
1251 829 1255 832 ·

173 917 331 984 Gallorum
352 914 523 981 dominatio
542 914 670 981 molesta
690 914 771 980 faeta
791 927 875 993 erat,
894 913 1002 1004 Anglis
1017 913 1157 979 auxiliari
1200 995 1204 1004 ‚

172 1037 309 1117 vellent,
330 1035 398 1100 ’rex
432 1033 551 1101 Galliae
584 1034 737 1126 multique
769 1034 966 1101 illustrissimi
997 1034 1158 1101 Gallorum

173 1159 276 1225 Duces
299 1170 331 1223 et
349 1155 480 1246 Equites
501 1157 611 1246 magni
631 1178 703 1222 cum
723 1168 913 1222 armatorum
932 1156 1023 1246 copiai
1042 1154 1158 1223 Comiti

175 1277 339 1345 Elandriae
367 1276 602 1358 subvenerunt,
631 1289 670 1344 et
692 1275 810 1367 Ypram
838 1275 1012 1343 obsessione
1038 1277 1158 1343 libera·

176 1411 260 1470 runt.
309 1399 378 1484 Quo
405 1397 510 1477 facto,
544 1396 717 1488 Speneerus
744 1419 816 1462 cum
840 1397 949 1487 exiguai
966 1418 1061 1463 manu
1082 1397 1160 1464 Gra-

174 1519 308 1584 velinam
336 1517 482 1600 recessit;
511 1530 543 1585 et
561 1519 689 1599 cuncti,
711 1516 854 1586 Galetum
874 1519 1026 1607 regressi,
1046 1519 1161 1588 infecti

75 1707 76 1713 ,
177 1638 305 1707 tandem
319 1660 355 1726 re
369 1614 403 1704 ib
418 1638 599 1705 Britanniae
614 1639 746 1704 insulam
756 1650 905 1706 autumno
915 1661 947 1705 se
956 1654 1161 1731 receperunt,

65 1759 71 1767 ’
175 1758 233 1823 ubi
261 1758 401 1826 omnium
429 1757 515 1839 risu,
545 1756 762 1848 indignatione
790 1773 822 1826 et
849 1771 1012 1825 contemtu
1041 1761 1163 1850 excepti
1198 1846 1201 1853 Ι

175 1891 258 1950 sunt.
307 1879 373 1945 Rex
392 1890 497 1945 autern
517 1878 636 1946 Galliae
654 1876 804 1945 Elandros
815 1892 826 1958 ,
845 1879 1036 1969 recuperatis
1055 1901 1164 1949 eorum

170 1999 327 2090 oppidis,
347 1998 407 2065 sibi
427 1998 571 2064 submisit
591 1997 693 2062 denuo
706 2005 733 2065 ¹.

225 2242 311 2308 Haeo
339 2244 532 2331 arrogantia·
544 2241 666 2335 Papae,
700 2239 782 2310 baec
800 2244 914 2334 injusta
933 2246 1068 2336 suscepti
1087 2246 1164 2313 bellr

177 2384 290 2445 causa,
308 2361 387 2429 baec
404 2363 669 2454 indulgentiarum
687 2363 895 2445 nundinatio,
916 2361 995 2430 haee
1014 2365 1163 2458 Episcopi

180 2483 376 2551 Norrioensis
401 2484 596 2574 aliorumque
622 2484 807 2550 clericorum
832 2483 933 2550 laudis
952 2485 1084 2551 bellicae
1103 2509 1163 2553 ou-

178 2603 255 2694 pido
275 2617 306 2670 et
327 2603 423 2670 officii
442 2605 602 2695 neglectus
617 2603 830 2695 turpissimus,
848 2607 893 2671 ita
908 2619 942 2673 ut
959 2603 1078 2673 (lbristi
1092 2631 1163 2698 gre·

180 2749 253 2815 gem
288 2724 465 2818 desererent
494 2747 588 2817 seque
617 2726 806 2815 conjicerent
837 2725 870 2791 in
900 2737 999 2794 eastra
1034 2728 1165 2812 llartis,

187 2846 435 2937 opportunitates
463 2845 590 2918 fuerunt
614 2845 776 2928 Wicliffo,
796 2859 831 2913 ut
851 2847 1051 2915 inveheretur
1075 2873 1167 2916 acer·
1241 2902 1244 2907 .

180 2967 318 3056 bissime'
335 2967 369 3032 in
397 2965 555 3033 Ecclesiae
581 2969 805 3057 corruptelam.
853 2965 1006 3034 Similiter
1024 2969 1090 3034 fere
1109 2992 1167 3035 ac·
1232 3039 1234 3042 ,

180 3089 258 3158 cidit
276 3087 416 3180 postea,
453 3100 490 3153 ut
522 3086 729 3177 diplomatum
760 3085 1023 3176 indulgentiarum
1052 3087 1168 3155 nundi·
1236 3107 1238 3112 ’

177 3211 286 3293 natio,
299 3209 450 3276 'Tetzelio
469 3230 487 3272 a
504 3207 588 3297 Papa
606 3227 664 3297 per
683 3205 885 3272 Germaniam
905 3206 1089 3288 commissa,
1109 3234 1165 3276 an-

181 3355 246 3398 sam
261 3331 428 3423 praeberet
443 3327 579 3396 Martino
601 3324 741 3394 Lutbero
754 3326 794 3392 ad
811 3326 938 3418 publice
960 3328 1165 3397 resistendum

183 3424 328 3518 Pontifici
336 3453 493 3520 Romano.
525 3449 724 3538 Quantopere
739 3448 1167 3543 reroWieliffusexpeditio-

184 3551 257 3636 nem
287 3571 371 3637 illam
392 3569 633 3663 improbaverit,
657 3569 860 3662 intelligimus
877 3592 914 3637 er
936 3568 1022 3639 bisce
1041 3574 1163 3644 verbis:

185 3691 357 3773 Euristus,
392 3694 513 3784 inquit,
547 3692 740 3759 detestabile
770 3701 844 3773 est,
865 3693 1000 3784 Papam
1020 3699 1171 3761 erexisse

215 3916 224 3951 ¹
251 3913 310 3965 vid.
336 3911 485 3977 Knyghlon.
502 3927 559 3978 pag.
578 3907 645 3962 2671
665 3924 725 3973 sqq.
740 3933 775 3948 -
792 3909 978 3974 Waltingham.
999 3908 1071 3960 utor.
1091 3909 1171 3978 Anapi.

249 4015 308 4064 pag.
332 3996 500 4061 291-305.;
524 3996 647 4063 imprimis
670 3995 803 4064 Eroiasart.
822 3994 858 4044 ll.
873 4011 931 4060 pag.
949 3992 1108 4058 ute-239,
1129 3998 1176 4062 qui

249 4088 329 4134 totam
344 4100 413 4146 rem,
429 4082 573 4134 Herodoteo
588 4083 642 4133 sere
658 4081 763 4132 dixerim
778 4095 866 4145 more,
884 4081 1036 4146 pulcerrime
1049 4081 1175 4148 depinxit.
