2586 4718
565 348 627 411 175

155 564 325 650 Postquam
360 581 454 640 3333,
490 570 638 648 regnante
666 558 834 647 Guilielmo
861 556 1061 626 Debellatore
1072 607 1083 639 ,

110 684 319 762 lanfrancus,
354 677 524 746 monachus
552 679 713 759 Becensis,
744 679 843 744 factus
863 677 1085 746 3331133113-

109 808 252 896 piscopus
278 796 507 871 cantuariensis
527 800 664 888 (1070),
686 802 777 867 311313
795 800 874 866 haec
894 800 1034 867 doctrina
1055 814 1086 870 et

108 926 142 992 in
158 926 331 1003 Ecclesiam
353 924 556 1012 anglicanam
575 922 714 1012 primum
734 920 864 988 inducta
893 933 958 1010 est,
985 945 1084 1011 quan·
1113 951 1116 955 ·

106 1067 200 1135 quam
226 1068 289 1111 uon
318 1043 461 1111 omnibus
490 1041 593 1110 statim
622 1041 661 1109 de
697 1043 735 1109 331
762 1040 1008 1132 persuadebatur
1048 1063 1085 1109 ac

106 1165 198 1231 multi
225 1165 320 1231 etiam
344 1164 449 1230 animo
468 1163 672 1232 fluctuabant.
719 1163 910 1231 Lanlrancus
929 1164 1086 1254 imprimis
1188 1150 1191 1155 ⁵

106 1284 261 1352 Paschasii
289 1284 328 1351 de
357 1283 554 1352 Eucharistid
574 1285 747 1352 doctrinam
767 1297 889 1352 strenue
908 1308 1087 1376 propugna-

105 1406 152 1472 313
181 1421 287 1473 contra
314 1407 555 1498 Berengarium,
593 1405 820 1475 Scholasticum
852 1407 1085 1490 Turonensem,

105 1527 183 1617 qui,
213 1550 309 1617 quum
334 1527 448 1593 mentis
469 1527 599 1595 sanitate
618 1527 800 1617 aequalibus
818 1540 1010 1618 praestaret,
1029 1551 1086 1594 re·

103 1649 228 1716 novavit
255 1650 342 1717 litem
369 1649 452 1715 circa
473 1650 563 1716 istam
584 1648 780 1729 doctrinam,
801 1648 994 1716 consentiens
1012 1671 1085 1715 cum

91 1769 257 1839 'Johannis
275 1770 362 1838 Scoti
384 1771 535 1861 Erigonae
554 1772 717 1840 sententiis.
752 1770 820 1837 1133
838 1783 942 1836 tamen
959 1784 1085 1838 contro·

105 1893 201 1957 3333131
219 1891 358 1963 nondum
377 1891 587 1971 efficiebatur,
608 1905 644 1957 ut
662 1890 801 1965 Ecclesia
820 1891 907 1956 litem
922 1888 1086 1959 dirimeret

102 2012 289 2100 firmamque
313 2011 528 2100 pronuntiaret
556 2009 740 2074 seutentiam
753 2036 768 2085 ε,
787 2029 859 2073 nam
879 2009 965 2074 Petri
983 2010 1084 2076 Lom-

102 2133 194 2198 bsrdi
213 2142 314 2196 aetate
333 2127 467 2215 (saeculo
489 2127 565 2214 llll)
586 2126 787 2194 vehementer
806 2128 900 2195 etiam
927 2143 1084 2199 certarunt

104 2250 261 2315 Ecclesiae
291 2247 449 2329 doctores,
482 2248 583 2340 qualis
611 2262 688 2316 esset
715 2250 767 2316 illa
787 2252 922 2319 mutatio
940 2251 1029 2340 panis
1050 2265 1083 2320 et

68 2410 71 2417 ·
103 2369 168 2436 sini
187 2369 220 2434 in
237 2391 352 2461 333333
370 2384 401 2436 et
420 2372 601 2460 sanguinem
619 2368 760 2451 Christi,
779 2383 885 2437 utrum
893 2373 1082 2459 formalis,

100 2513 141 2556 an
160 2491 417 2569 substantialis,
436 2513 476 2557 an
495 2512 568 2557 3333
587 2491 733 2555 alterius
750 2494 896 2578 penoris.
946 2491 1084 2560 Tandem

100 2611 239 2676 Ecclesia
257 2608 442 2700 approbavit
459 2632 494 2675 ea
510 2609 549 2676 de
563 2610 758 2679 Eucharistiia
773 2611 887 2702 placita
896 2660 906 2693 ,
926 2635 1006 2703 quae
1018 2598 1081 2706 ¹op·

100 2734 199 2822 posita
219 2745 310 2801 erant
326 2730 506 2820 Berengarii
523 2733 706 2802 sententiae.
758 2733 797 2800 In
815 2735 948 2802 concilio
965 2759 1080 2827 nempe

99 2850 298 2919 lateranensi
329 2865 460 2942 quarto,
490 2876 570 2920 anno
595 2857 681 2920 1215
702 2852 810 2921 habito
830 2864 863 2936 ¹,
883 2858 1080 2931 ratamfecit

95 2972 295 3041 Innocentius
312 2974 361 3041 III
381 2974 556 3041 doctrinam
578 2974 1079 3069 Traussubstontiatiorsis‚pu·

97 3095 181 3161 blice
207 3096 299 3162 simul
320 3096 505 3162 vocabulum
526 3094 604 3160 illud
623 3096 790 3161 barbarum
809 3097 947 3186 primum
967 3099 1078 3188 profe-

156 3398 313 3465 farstfot
333 3399 365 3446 s'ss
388 3399 432 3446 tta
448 3391 545 3444 Eord’a
570 3390 711 3458 Supper.”
730 3409 756 3457 p.
776 3376 837 3443 242.
855 3395 912 3444 nul.
930 3395 954 3443 1.
990 3397 1029 3448 (ll.
1049 3398 1081 3450 de

161 3484 250 3529 nostro
273 3485 424 3545 argumento
448 3477 569 3545 imprimis
587 3477 701 3541 ejusdem
717 3476 764 3526 siri
784 3477 923 3529 doctissimi
940 3495 1020 3545 opus.-
1039 3485 1082 3536 Ass
1127 3524 1130 3531 .

138 3614 141 3619 ,
163 3565 276 3628 1333133
292 3567 352 3615 into
373 3567 416 3616 tlsc
434 3566 570 3614 doctrines
587 3564 621 3628 os
637 3562 680 3612 llio
695 3562 887 3630 Aetolo-Sueuos
906 3566 1027 3630 01333313,
1050 3572 1082 3620 s‘rs

161 3647 234 3711 eiqht
261 3648 404 3709 Sermone,
431 3650 567 3715 praeclari
584 3648 673 3713 before
694 3649 736 3698 tlse
762 3649 838 3700 Unio.
859 3653 892 3718 of
908 3652 1028 3719 Oesord,
1048 3657 1080 3705 irs

117 3764 121 3776 .
162 3733 208 3782 tlte
224 3746 290 3796 3333
305 3735 387 3794 3830.
405 3742 435 3785 ut
453 3736 496 3785 tlso
512 3734 648 3798 Bamptou
658 3733 780 3787 Laetera.
801 3737 881 3786 oxon.
894 3737 970 3789 1830.
991 3739 1076 3789 Sermo

160 3817 219 3869 vn.
238 3818 270 3868 de
288 3818 588 3871 Transsnbstanlialione.

126 3902 136 3937 ¹
160 3901 226 3951 11313
248 3901 359 3951 33331113
374 3903 514 3955 intererant
531 3904 582 3954 412
601 3904 736 3970 Episcopi,
759 3906 938 3957 8001013133
957 3909 984 3956 st
1003 3906 1078 3958 Prio.

159 4001 220 4045 res,
240 3989 318 4049 atqua
333 3988 475 4052 complures
494 3990 599 4054 legati,
618 4005 683 4053 quos
708 4005 739 4040 33
766 3991 888 4041 miserant
907 3990 1033 4057 principes
1052 3993 1081 4044 at

160 4087 243 4137 regas.
263 4072 313 4122 vid.
334 4072 464 4125 1133133133.
482 4091 524 4140 33.
544 4074 614 4127 13331.
633 4074 691 4126 Vol.
708 4075 738 4125 V.
755 4091 780 4140 p.
803 4073 861 4123 165.
878 4078 935 4122 not.
952 4089 978 4125 o.
