2586 4718
560 335 623 396 273

102 577 162 622 non
192 556 268 618 esset
296 549 435 626 alienus,
461 547 525 639 ejus
544 557 648 610 tamen
671 542 786 633 ingenii
804 565 935 609 acumen
956 548 1079 636 egregie

102 674 223 743 valebat
252 669 292 735 ad
320 689 427 734 rerum
458 689 475 730 a
504 664 579 731 falso
600 661 835 734 secernendum.
883 663 958 730 Veri
976 681 1080 734 autem

101 817 204 862 amore
228 790 304 858 adeo
325 787 516 866 ducebatur,
546 799 581 852 ut
606 784 756 851 scriberet
784 784 966 874 aliquando:
1001 786 1078 853 Pa-

100 924 196 981 ratus
215 921 322 977 tamen
337 928 466 999 semper
485 928 557 970 sum
576 928 750 984 revocure,
766 906 926 996 quicquid
941 907 1080 988 dixero,

100 1037 231 1115 doctus,
255 1031 345 1122 quod
366 1031 412 1094 sit
431 1030 635 1093 contrarium
655 1029 795 1091 veritati
802 1032 828 1094 ¹.
877 1026 982 1116 Atque
1001 1026 1080 1094 doo-

99 1156 220 1234 trinae,
245 1173 338 1242 quam
367 1147 428 1215 sibi
447 1159 701 1238 comparaverat,
720 1158 808 1212 tanta
827 1159 893 1213 erat
916 1147 1025 1237 copia,
1045 1161 1080 1215 ut

100 1262 134 1338 in
151 1271 348 1364 philosophiai
360 1282 398 1368 ‘et
415 1266 570 1358 theologii
587 1266 766 1334 scholastici
787 1268 879 1357 plane
898 1269 1078 1350 excelleret,

101 1418 119 1460 a
136 1396 205 1485 jure
226 1391 376 1458 canonico
396 1404 432 1457 et.
445 1390 530 1456 cirili
553 1412 614 1457 non
633 1387 836 1455 mediocriter
855 1403 933 1457 esset
947 1388 1082 1458 instruc·

100 1530 147 1584 tur
158 1565 169 1596 ‚
198 1516 295 1604 inque
315 1513 373 1601 illd¹
386 1510 560 1600 theologici
580 1509 760 1600 disciplinis,
782 1533 882 1600 quae,
904 1534 1083 1603 quanquam

100 1634 305 1726 interpretum
329 1635 524 1722 aliorumque
548 1631 711 1700 doctorum
735 1634 849 1724 scripte
877 1635 1009 1702 minime
1028 1658 1084 1703 ne-

99 1756 204 1848 gligit,
228 1756 310 1822 circa
330 1753 526 1850 ipsosflibros
546 1747 646 1819 sacros
667 1753 838 1843 praecipue
854 1767 1011 1835 versatur,
1031 1777 1084 1821 ae·

99 1877 205 1967 quales
224 1900 293 1943 suos
312 1875 403 1965 longo
421 1885 491 1964 post
505 1895 537 1939 se
553 1860 714 1939 intervallo
730 1872 932 1961 relinqueret.
967 1873 1083 1958 Quodsi

99 1999 323 2087 Erasmissaetas
342 1995 518 2082 Wiclilfum
536 1992 673 2071 tulisset,
691 2013 788 2080 quum
807 1991 916 2058 literae
935 1992 1085 2076 Latinae,

100 2119 238 2185 Graecae
251 2128 283 2182 et
293 2114 474 2191 Hebraeae,
493 2134 555 2176 una
575 2101 648 2178 cum
665 2108 862 2202 philosophici
881 2113 1001 2180 saniore
1020 2115 1085 2181 lae·

98 2239 215 2306 tissime
235 2236 382 2325 vigebant
394 2231 505 2316 ,mihil
516 2283 527 2316 ,
552 2246 588 2300 ut
610 2231 755 2316 ridetur,
775 2232 816 2302 ad
837 2247 1083 2301 consummatam

98 2357 305 2427 eruditionem
322 2347 354 2422 ei
377 2354 535 2443 defuisset.

144 2478 225 2546 Cum
253 2477 372 2566 ingenii
396 2488 503 2541 antem
529 2475 718 2565 praestantii
735 2488 766 2541 et
786 2476 870 2542 rarii
888 2474 1082 2558 eruditione,

99 2619 244 2689 generosa
264 2597 298 2662 in
316 2594 460 2665 Wicliffo
474 2592 616 2685 copulata
635 2609 701 2663 erat
721 2595 852 2668 indoles.
881 2597 995 2667 Sensus
1008 2621 1082 2668 mo-

98 2721 170 2786 ralis
196 2732 228 2786 et
254 2718 436 2808 religiosus,
469 2740 564 2808 quem
592 2720 840 2822 intusxloveban
863 2721 989 2812 impulit
1009 2747 1082 2791 eum

99 2840 137 2906 ad
158 2853 299 2907 constans
317 2852 350 2905 et
366 2846 552 2931 perpetuum
572 2840 709 2908 studium
732 2864 769 2909 ex
788 2843 947 2932 religionis
970 2843 1084 2914 Chris·

96 2961 198 3027 tianee
225 2960 399 3052 praeceptis
428 2961 510 3027 ritae
540 2962 773 3052 transigendae:
807 2977 838 3031 et
859 2978 1027 3055 propterea
1048 2970 1081 3033 in

94 3081 170 3149 Jesu
199 3082 482 3172 Apostolorumque
501 3081 619 3160 ritem,
644 3083 828 3170 ingenium,
848 3103 973 3167 mores,
992 3109 1081 3154 mens

96 3206 161 3294 ejus
180 3203 299 3285 intenta
320 3198 477 3290 infixaque
496 3213 649 3291 perpetuo
669 3214 748 3269 eret.
794 3203 903 3270 Prouti
921 3227 993 3273 vero
1013 3207 1082 3275 offi-

96 3325 144 3389 cia
171 3322 479 3415 suareligiosissimc
499 3323 643 3403 colebat,
667 3335 762 3412 atque
782 3322 815 3387 in
834 3323 937 3391 studio
956 3326 1080 3397 virtutis

96 3454 216 3508 tantum
236 3447 399 3532 ponebat,
414 3457 473 3525 ut,
491 3443 549 3508 ubi
567 3443 665 3509 virtus
684 3451 784 3525 esset,
806 3444 852 3510 ibi
869 3447 995 3514 miseria
1015 3471 1079 3518 esse

97 3584 158 3627 non
177 3585 264 3652 posse
283 3566 488 3646 existimaret,
499 3566 553 3659 pic
571 3578 701 3631 naturae
722 3589 847 3658 quoque
867 3569 982 3654 socios,
1002 3596 1079 3662 quos

98 3683 147 3748 rel
169 3682 303 3749 marimo
329 3684 500 3776 diligebat,
520 3666 559 3751 ad
578 3684 705 3754 honesta
727 3680 869 3780 quaeque
889 3689 1076 3786 exhortabe-

99 3806 170 3883 tur',
203 3814 248 3902 ut
258 3802 363 3871 felices
382 3826 432 3873 eos
454 3805 612 3876 redderet.
660 3807 722 3903 Sed
751 3810 894 3879 caritates
919 3815 984 3902 ejus
1010 3836 1078 3880 om·

109 3973 404 3995 “·-------·ι-

129 4057 136 4091 ¹
167 4056 252 4139 Triol.
273 4058 326 4111 lib.
349 4061 370 4110 1.
390 4078 446 4129 cap.
467 4065 506 4117 10.
