2586 4718
676 300 740 362 246

220 538 278 582 nns
292 514 345 580 ille
359 513 424 592 vir,
440 513 535 601 inque
545 511 651 577 beatas
661 510 823 577 beatorum
832 508 919 578 sedes
929 511 1067 595 obierat,
1077 514 1137 583 ubi
1147 517 1210 585 be.

220 636 332 725 nignus
343 630 445 701 Juder
460 632 637 700 certaminis
651 632 681 698 ei
694 631 870 722 proemium
880 646 947 700 erat
957 633 1206 712 condonaturus.
1287 690 1292 696 -

678 906 747 924 a-

268 1118 389 1204 Quenta
418 1115 553 1203 Wicliffi
581 1088 765 1183 aduersariis
791 1114 911 1183 laetitia
940 1117 1049 1186 oborta
1078 1119 1181 1190 fuerit
1192 1171 1204 1206 ,

219 1252 385 1331 postquam
404 1237 498 1329 hujus
516 1238 619 1306 obitus
638 1238 722 1305 fama
741 1236 876 1317 exierat,
892 1237 984 1305 focile
1002 1213 1207 1330 intelligitur.

218 1359 441 1429 Benedictinus
469 1361 522 1428 ille
549 1361 648 1428 sancti
675 1359 813 1440 Albani,
842 1360 1119 1451 Walsinghamus,
1148 1367 1207 1436 sut

219 1484 315 1550 etiam
334 1477 436 1549 aetate
463 1481 582 1569 (medio
596 1480 722 1548 circiter
736 1481 857 1548 saeculo
874 1481 946 1570 XV)
961 1481 1075 1572 gaudio
1095 1463 1204 1555 exsul·

220 1619 299 1673 tasse
317 1604 464 1686 ridetur,
484 1603 540 1668 nbi
559 1617 692 1670 mortem
713 1605 778 1693 ejus
800 1603 1063 1672 commemorabat
1079 1604 1113 1671 in
1133 1605 1205 1675 tn·

222 1727 366 1808 nalibus,
401 1749 477 1816 quas
512 1725 656 1817 scripsit,
692 1723 845 1815 Angliae:
880 1723 1015 1816 ideoque
1043 1726 1106 1816 piis
1140 1728 1203 1795 riri

111 1888 117 1921 ¹.
218 1848 363 1914 manibus
382 1846 690 1914 contumeliosissime
708 1845 884 1937 parentarit
902 1853 930 1916 1.
960 1845 1023 1914 Sed
1035 1848 1206 1936 qnamfuit

218 1967 280 2036 hoe
307 1969 482 2035 luctuosum
512 1969 578 2058 ejus
602 1966 712 2034 amicis
736 1978 768 2032 et
793 1965 972 2057 discipulis,
1003 1989 1097 2057 quom
1116 1989 1212 2035 noer-⁴

111 2146 113 2151 .
212 2090 295 2156 ¹bum
323 2088 469 2155 omnibus
497 2090 531 2154 in
561 2089 695 2178 Angtit,
728 2089 784 2180 qui
807 2086 1026 2155 desiderabant
1044 2111 1205 2158 sacrorum

218 2207 492 2289 emendationem,
522 2231 617 2299 quam
644 2230 736 2298 grave
760 2209 920 2275 universae
938 2207 985 2274 rei
1007 2205 1205 2301 Christianae

216 2331 327 2400 saluti!
353 2331 393 2398 Et
421 2343 526 2398 tamen
553 2330 696 2397 Wicliffo
725 2353 809 2397 mors
838 2328 963 2428 donato¹
979 2350 1043 2396 esse
1067 2329 1205 2402 videtur.

151 2520 152 2523 ,
216 2454 298 2520 Nam
316 2453 339 2518 ii
360 2474 446 2518 casus
465 2451 637 2518 Ecclesiam
656 2472 781 2542 qnoque
799 2451 1003 2540 Angliconam
1019 2472 1090 2517 mor
1105 2453 1207 2519 secuti

218 2585 305 2653 sunt,
327 2586 362 2659 ut
382 2594 508 2652 omnes,
531 2585 685 2663 quotquot
704 2571 811 2640 odioso
829 2571 1059 2638 haereticorum
1073 2572 1205 2639 nomine

219 2706 423 2773 notarentur,
458 2705 512 2760 out
542 2693 657 2784 placita
683 2716 738 2760 suu
767 2695 891 2783 ejurare
917 2713 1011 2783 seque
1040 2689 1207 2760 humiliter

218 2812 366 2882 Pontifici
390 2813 531 2881 Romano
555 2813 740 2881 submittere
759 2797 943 2904 erigerentur
954 2863 964 2896 ,
984 2825 1037 2878 ant
1056 2834 1210 2904 persore-

218 2935 339 3002 rontiae
358 2947 389 3002 et
409 2935 544 3002 invictae
564 2933 758 3000 fortitudinis
774 2956 891 3024 poenas
907 2908 1120 3025 expenderent
1135 2957 1210 3001 cru·

219 3057 400 3128 delissimes.
459 3061 588 3147 mque,
623 3069 787 3147 postquam
824 3057 957 3124 Thomas
993 3053 1186 3124 drundelius
1198 3108 1209 3140 ,

220 3181 482 3272 Archiepisoopus
510 3164 761 3260 centuariensis,
781 3179 902 3277 saepius
917 3181 984 3268 jam
1004 3179 1108 3270 plures
1130 3178 1209 3247 Wi-

215 3305 291 3372 oliffi
314 3302 479 3370 sententias
500 3300 698 3368 damnaverat
716 3302 844 3392 ejusque
863 3301 961 3368 libros
978 3301 1113 3366 flammis
1134 3313 1206 3367 tre-

220 3424 359 3505 diderot,
380 3423 505 3492 tandem
526 3420 729 3492 Hierarchiae
739 3421 892 3508 uindices,
910 3423 943 3489 in
955 3421 1086 3490 sessione
1096 3424 1207 3491 octaris

249 3722 258 3757 ¹
286 3719 357 3770 ntae.
382 3716 462 3781 Auel.
486 3731 516 3780 p.
539 3713 602 3764 812.
639 3713 741 3780 Hypod.
760 3714 917 3764 neoarrtae.
934 3729 960 3779 p.
977 3711 1041 3767 537.
1061 3713 1211 3781 ¹Scripsit,
1234 3779 1235 3783 Ἰ

283 3819 341 3855 enm
359 3805 488 3851 mortuum
505 3815 560 3848 esee
580 3813 647 3849 anno
670 3797 760 3856 1385,
779 3797 805 3846 in
825 3812 877 3861 quo
894 3800 980 3845 tamen
999 3789 1104 3845 er'rarit.
1143 3797 1216 3846 Gon·

283 3890 337 3943 etot
350 3885 417 3934 enim
431 3900 462 3933 ex
478 3885 595 3950 Regiotro
611 3881 795 3947 Bokyugham,
813 3883 894 3933 citato
907 3899 923 3932 a
936 3881 1090 3946 'tangiacum
1108 3881 1170 3956 v⁰d·
1190 3883 1214 3932 Ι.

282 3965 309 4036 p'.
328 3966 390 4016 346.
408 3970 464 4017 not.
485 3966 538 4025 lu,
555 3967 698 4018 Wieliffurn
714 3967 805 4018 ultimo
821 3967 863 4018 die
878 3968 940 4018 Dec.
968 3963 1036 4016 1384
1056 3982 1071 4016 e
1089 3964 1144 4015 vitri
1165 3965 1213 4018 de·

283 4049 397 4102 censitae.
