2586 4718
569 322 609 382 87

101 562 202 609 mores
221 537 355 606 universi
373 533 457 602 Cleri
477 537 509 599 in
528 531 640 622 nngtit
661 531 830 598 reformare
844 526 985 612 studens,
1001 553 1074 621 per·

47 699 48 702 ι
103 660 253 753 spiciebat
273 658 370 748 magis
388 655 546 744 magisque
565 653 640 720 vitia
658 666 690 720 ct
704 653 839 734 abusus,
866 675 945 743 quae
975 653 1076 719 ubivis

102 784 142 848 in
155 781 290 849 Ecclesiai
308 765 509 856 obtinebant,
524 788 618 864 atque
633 774 786 865 imprimis
796 772 993 865 improbabat
1002 797 1076 839 auc·
1109 821 1111 824 ψ

101 903 260 970 toritatem
273 901 375 988 istam
394 895 544 988 principis
563 892 647 961 Cleri
666 894 738 961 satis
757 896 938 976 molestam,
959 905 1026 960 tum
1045 895 1078 958 in

101 1025 199 1090 nullas
217 1046 278 1089 non
297 1044 345 1087 res
365 994 404 1084 ad
423 1017 579 1083 Ecclesiae
599 1016 791 1106 pertinentes
809 1019 967 1107 regimen,
985 1013 1079 1079 disci·
1104 999 1106 1002 ⁵

102 1142 240 1232 plinam‚
267 1140 464 1219 doctrinam,
482 1151 548 1205 tum
567 1160 638 1204 vero
658 1137 754 1205 etiam
774 1135 806 1201 in
822 1136 943 1226 negotia
962 1136 1077 1204 civilia.

102 1261 206 1328 Primi
230 1261 326 1350 igitur
349 1259 580 1351 opportunitate
599 1255 816 1325 Hierarcbiam
835 1258 1006 1323 Romanam
1026 1278 1080 1346 ag-

101 1379 191 1468 gredi
217 1393 341 1470 paratus
364 1391 448 1461 erat,
476 1391 511 1444 ut
529 1377 592 1462 vim
613 1380 678 1468 ejus
699 1377 733 1442 in
751 1376 895 1467 Angliam
914 1376 1079 1466 frangeret.

101 1499 187 1584 Quae
207 1499 423 1590 opportunitas
441 1501 470 1565 ei
491 1498 563 1565 data
581 1500 641 1566 fuit
652 1546 663 1580 ,
684 1519 763 1564 anno
787 1501 885 1566 1367.

145 1737 271 1805 Etenim
291 1737 434 1806 Urbanus
449 1737 497 1818 V,
519 1737 681 1805 dvenionc
695 1759 904 1817 commorans,
920 1736 1081 1828 instigatus

99 1859 226 1925 fortasse
253 1881 270 1923 a
299 1878 371 1947 rege
398 1858 536 1939 Galliae,
566 1859 686 1925 bellum
707 1857 851 1924 adsersus
869 1857 984 1946 Anglos
1002 1856 1082 1921 infe-

98 1976 200 2044 liciter
224 1991 371 2068 gerente,
395 1979 556 2065 poposcit,
572 1999 655 2042 anno
677 1980 786 2056 1365,
806 1976 847 2040 eb
865 1973 1013 2040 Eduardo
1030 1973 1080 2040 Ill

100 2099 254 2164 tributum
271 2097 360 2161 mille
378 2116 577 2176 marcarum,
599 2093 683 2184 qnod
705 2115 757 2158 rer
782 2091 959 2173 Johannes‚
985 2101 1082 2183 quum

101 2228 257 2303 sceptrum
278 2211 410 2302 Angliae
430 2225 461 2279 et
481 2213 653 2280 Hiberniae
672 2211 849 2282 tradidisset
868 2215 970 2303 Papae
987 2214 1085 2282 Inno-

100 2334 202 2400 centio
226 2333 298 2414 ΙΙΙ,
327 2346 359 2400 et
383 2333 424 2399 ab
452 2309 512 2400 hoc
531 2357 626 2424 regna
646 2336 700 2401 illa
720 2347 867 2424 tanquam
885 2332 978 2399 feuda
996 2355 1083 2400 rece·

100 2453 214 2544 pinet,
248 2474 302 2535 sc,
334 2453 481 2519 vasallum
510 2454 590 2520 sedis
610 2453 828 2544 Apostolicae,
851 2453 976 2550 Papae,
995 2451 1083 2520 feudi
1165 2458 1168 2474 '

99 2572 249 2654 domino,
269 2573 396 2662 singulis
415 2572 505 2639 annis
523 2595 587 2641 esse
606 2573 803 2654 soluturum,
823 2573 985 2662 stipulatus
1004 2586 1082 2644 erat.

102 2691 200 2759 Eilius
227 2689 405 2772 Johannis,
435 2687 589 2757 llenric'us
608 2691 681 2772 III,
702 2689 741 2755 ad
761 2712 892 2782 regnum
911 2691 1061 2759 accedens
1072 2742 1083 2774 ,

100 2809 196 2876 fidem
215 2833 301 2877 suam
320 2811 422 2901 Papae
445 2811 668 2893 obstrinxerat3
695 2810 749 2879 sed
767 2825 892 2903 postea,
912 2813 1082 2903 prudenter

98 2933 231 3021 tempori
250 2929 412 3013 cedentes,
428 2929 489 2997 boc
507 2932 662 2999 tributum
680 2932 729 2998 vel
749 2933 921 3015 solverant,
938 2936 987 3002 vel
1004 2936 1082 3002 reti·

97 3064 230 3119 nuerant
260 3073 457 3120 successores.
513 3051 587 3117 Jam
617 3051 744 3140 triginta
770 3049 890 3120 duobus
915 3054 963 3120 vel
982 3054 1081 3122 tribus

96 3171 215 3243 abhinc
242 3173 331 3238 annis
358 3183 517 3260 erogatum
546 3190 610 3236 non
635 3183 701 3236 erat
720 3181 747 3241 ¹.
802 3172 947 3240 Urbanus
975 3187 1080 3242 autem

98 3292 166 3381 regi
193 3292 319 3384 insuper
338 3313 403 3383 per
421 3291 558 3379 legatum
570 3283 795 3370 annuntiavit,
815 3312 938 3358 seeum
967 3293 1000 3358 in
1020 3317 1080 3362 cu-

2 3460 4 3463 ·
97 3403 284 3483 riamsuam
304 3434 367 3480 esse
387 3412 574 3491 citaturum,
593 3410 654 3476 nisi
673 3409 915 3502 obtemperaret.
959 3413 1080 3482 Eduar.

99 3528 157 3598 dus
174 3555 264 3615 rero,
288 3535 335 3602 vir
358 3533 543 3616 bellicosus,
568 3531 706 3599 victoriis
733 3531 772 3598 de
798 3533 894 3600 Gallis
916 3539 1081 3628 reportatis

100 3651 216 3732 elatus,
246 3667 278 3724 ct
302 3653 469 3745 prudentii
493 3634 651 3743 animique
670 3652 853 3723 fortitudine
891 3654 1016 3746 insignis
1046 3657 1080 3723 in
1176 3677 1181 3685 ·

100 3772 351 3841 administrandis
369 3777 463 3844 rebus
482 3775 645 3857 civilibus,
665 3776 785 3844 servilia
804 3777 907 3871 Papae
924 3790 1080 3869 praestare

117 3945 434 3962 ῃ

138 4047 147 4083 1
173 4023 272 4112 ripa,
293 4041 362 4094 nor.
383 4043 518 4112 ausus.
539 4046 610 4098 ram.
628 4044 678 4096 ιιι.
698 4063 725 4113 p.
739 4046 800 4102 tas.
