2586 4718
678 334 749 399 206.

219 547 272 614 ille
300 547 446 636 princeps
469 544 509 608 ab
535 543 672 610 amicitiis
690 543 805 612 afflicti
824 544 1021 633 transfugisse
1039 543 1119 612 mihi
1139 569 1216 617 non·

132 745 135 755 y
218 668 379 738 ridetur¹.
435 666 546 756 Neque
573 665 731 732 Wiclilfus
759 659 915 756 praesenti
944 689 1048 740 rerum
1076 691 1211 736 suerum

217 789 397 859 discrimine
412 787 597 877 desperavit.
627 786 892 853 Persuasissimum
905 788 964 852 sibi
975 786 1115 870 hebens,
1135 789 1211 858 Deo

217 934 281 978 esse
309 911 407 999 magis
435 907 665 988 obediendum,
697 930 790 998 quern
818 908 1018 990 horninibus,
1038 910 1211 979 eonsilium

216 1032 312 1098 Ducis
336 1029 533 1095 Leucestriae
556 1026 734 1119 repudiarit
747 1078 757 1109 ,
784 1029 968 1120 fortiterque
992 1031 1032 1095 iu·
1047 1032 1209 1099 sententie

214 1172 413 1241 perseverare
433 1150 494 1216 sibi
513 1150 696 1240 proposuit,
722 1172 926 1240 quaecunque
945 1153 1128 1232 evenirent,
1151 1154 1210 1219 in-

216 1271 341 1362 trepido
368 1273 473 1339 auimo
499 1284 697 1362 exspectans,
718 1284 749 1337 et
769 1272 898 1338 salutem
926 1274 1123 1341 committens
1150 1274 1209 1367 di·-

215 1394 305 1460 riune
316 1393 533 1461 Providentiae
543 1403 570 1463 2.
620 1394 705 1478 Quae
725 1394 1128 1485 perseverentieepparuit,
1146 1398 1209 1464 ubi

214 1516 341 1583 tendern
369 1516 427 1583 sub
455 1515 549 1580 finem
578 1514 670 1602 hujus
699 1515 794 1595 enni,
813 1515 861 1580 rel
880 1515 971 1582 initio
990 1517 1063 1580 enni
1088 1522 1205 1599 1383,
1231 1515 1235 1521 ’

214 1637 392 1706 Wiclilfutu
421 1650 548 1726 quoque
574 1637 606 1703 iu
634 1638 685 1725 jus
713 1649 864 1704 uocarunt
893 1637 1035 1726 primarii
1069 1637 1208 1728 llugliae

130 1737 132 1745 Ι
216 1757 441 1828 Ecclesiastici.
489 1757 572 1824 Nem
601 1755 755 1824 Oronium
784 1757 844 1837 hoo
873 1758 939 1824 lere
963 1772 1105 1848 tempore
1123 1783 1212 1826 oon·

216 1891 366 1946 venerunt
387 1877 649 1968 Aroh'iepisoopus
667 1877 913 1960 (lantueriensis,
930 1881 1102 1971 Episcopus
1117 1882 1210 1950 Lon·

216 2001 375 2083 dinensis',
395 2000 640 2082 lincolniensis,
658 2001 873 2080 Nor'riceusis,
894 2001 1124 2090 Vigorniensis,
1146 2003 1211 2071 Sn-

217 2121 437 2202 risburiensis,
468 2134 499 2186 et
527 2121 798 2201 Herelordiensis,
825 2122 933 2211 ibique
957 2125 1125 2190 concilium
1146 2124 1210 2191 lra-

216 2244 353 2310 bu'eruut
382 2264 443 2307 une
471 2263 543 2307 curn
576 2242 789 2310 Universitstis
820 2241 1012 2311 Gonoellerio
1033 2247 1208 2335 multisque

218 2364 398 2432 doctoribus
428 2376 464 2429 et
485 2364 553 2431 eliis
581 2363 724 2444 clerieis3
757 2364 943 2431 Guilielmns
972 2365 1209 2451 Wickhnmus,

216 2488 332 2556 nobilis
361 2487 572 2554 Vintouieusis
591 2487 784 2577 Episcopus,
805 2489 908 2553 etinm'
920 2490 1054 2556 adfuisse
1074 2489 1208 2564 dicitur.

219 2608 364 2676 Citarunt
382 2621 485 2675 autern
505 2606 701 2687 Wicliffum,
721 2620 757 2674 ut
777 2609 1020 2699 interrogaretur
1035 2610 1073 2677 de
1091 2613 1209 2695 rebus,

250 2899 260 2934 1
289 2897 342 2961 Qui
367 2897 434 2960 (Dux
460 2891 647 2951 Lancesfrinel,
674 2893 711 2942 eit
734 2893 923 2957 Knyghtonns‚
951 2912 1057 2962 semper
1073 2899 1098 2946 ei
1113 2905 1139 2947 et
1154 2903 1220 2952 stris

283 2982 314 3030 in
339 2982 461 3031 omnibns
486 2977 694 3028 necessitutibus
719 2978 877 3028 invincibili
899 2983 1039 3044 praesidio
1061 2983 1164 3048 offuit,
1188 2993 1217 3034 et

281 3067 365 3116 aliter
387 3070 447 3133 ipse
472 3072 499 3113 et
524 3064 570 3111 sni
594 3065 626 3112 in
648 3063 759 3130 sooeom
778 3065 910 3114 interitus
928 3065 1022 3115 viliter
1041 3067 1216 3121 cecidissent.

300 3150 403 3201 .2ttt7.
449 3168 453 3175 ·

249 3232 265 3270 ²
280 3168 442 3298 pVnughnn'us
465 3231 578 3280 indolens
595 3229 702 3280 Wicliffi
719 3233 820 3294 egregie
838 3231 878 3280 his
894 3232 978 3281 verbis
993 3234 1134 3298 expressiit
1156 3237 1217 3288 Tire

285 3321 417 3386 lcnqnnqe
445 3318 479 3383 of
503 3316 546 3366 liis
572 3318 687 3366 conduct
710 3317 786 3365 cmid
809 3300 854 3367 tlte
871 3320 993 3382 growing
1009 3335 1100 3383 posuer
1119 3322 1153 3385 of
1168 3323 1215 3372 fris

285 3398 414 3463 enemim,
430 3403 519 3453 would
536 3418 604 3451 seem
621 3409 647 3451 to
664 3402 711 3451 be.-
727 3419 742 3449 n
758 3401 781 3448 T
780 3417 795 3450 o
809 3402 875 3459 lire,
893 3404 949 3451 ond
961 3410 987 3452 to
1005 3404 1033 3452 de
1051 3404 1145 3465 silent,
1171 3409 1213 3469 is,

282 3470 350 3542 soilli
375 3499 433 3546 me,
461 3487 617 3551 impossible
639 3512 670 3523 —
693 3485 879 3550 tlressgniltvof
892 3486 958 3535 suclr
977 3493 1085 3537 trenson
1101 3491 1216 3553 against

287 3577 331 3625 tlte
348 3573 422 3622 Lurd
437 3573 470 3630 of
484 3573 585 3621 heusen
601 3573 627 3619 ir
642 3586 716 3620 more
733 3578 759 3619 to
773 3570 802 3618 be
813 3571 929 3620 drecded
939 3572 1005 3620 tlon
1016 3588 1096 3638 many
1106 3576 1217 3627 dentice.

285 3659 336 3709 Lot
363 3656 407 3705 tlre
433 3655 499 3705 bleso
524 3657 658 3721 therefore
672 3655 737 3722 fall.
775 3655 895 3717 Enougle
914 3655 932 3702 Ι
948 3655 1024 3706 fsnow
1041 3658 1075 3723 of
1088 3659 1132 3707 tte
1149 3675 1216 3710 men

284 3744 372 3794 solem
390 3742 409 3789 1
426 3756 539 3806 oppone,
562 3744 595 3808 ⁰s
610 3743 654 3790 tlte
670 3743 750 3789 times
766 3754 799 3788 on
814 3740 904 3788 schini
922 3740 940 3787 Ι
954 3757 998 3790 nm
1013 3741 1136 3802 threnn,
1157 3747 1218 3794 end

283 3829 318 3895 os
338 3827 382 3875 tlte
409 3829 574 3892 mysterium
597 3827 760 3891 prouidencs
784 3824 873 3874 eolriels
891 3826 990 3877 relatos
1006 3833 1034 3876 to
1051 3843 1103 3877 our
1122 3830 1216 3894 sinfnl

285 3909 364 3970 renos,¹
386 3913 524 3965 rebeliem
540 3915 600 3964 tlrnt
617 3913 661 3962 tire
678 3909 767 3960 stroke
784 3924 909 3974 mopere
922 3911 985 3977 long
1000 3913 1123 3964 descend.
1154 3913 1216 3966 Bur

285 4011 330 4061 my
350 4007 474 4065 purpose·
495 4000 522 4049 ie
538 3997 726 4050 conteratis:
754 3995 852 4047 Iuste
871 3999 908 4048 ils
928 4001 1075 4065 cominq!”
1095 3995 1155 4053 Vol.
1176 4000 1214 4051 11.

284 4098 311 4146 p.
330 4081 391 4132 223.
983 4084 1000 4107 ³'
