2586 4718
669 346 732 408 276

217 569 270 656 qni
289 589 388 634 mores
409 564 507 631 ubivis
521 565 731 655 depravabant
748 566 1207 656 omnemquepessumdabant
1252 619 1254 623 «

218 690 419 778 religionem3
440 700 471 753 et
490 709 586 777 quum
606 689 657 754 isti
676 685 1142 756 Universitatem·llxoniensem
1160 690 1192 754 in

217 809 435 877 monachicum
469 823 647 876 convertere
680 810 854 876 institutum
883 808 1081 889 nitebantur,
1112 810 1195 875 illius

217 931 414 1011 libertatem,
433 933 504 1019 jura
525 943 556 996 et
575 930 736 1020 privilegia
755 929 877 1006 fortiter
899 928 1077 1000 aibdicarit.
1125 927 1192 1020 Op-

217 1050 319 1140 posuit
346 1073 378 1117 se
406 1049 560 1139 imprimis
589 1051 729 1140 pessimis
758 1071 864 1115 eorum
896 1048 1004 1116 studiis
1024 1050 1057 1115 in
1077 1050 1192 1129 variis,

219 1195 298 1261 qnae
322 1169 443 1252 edidit,
468 1171 608 1261 scriptis3
635 1185 686 1252 et,
710 1168 861 1261 quamdiu
883 1170 977 1250 nisit,
998 1167 1076 1236 odeo
1094 1171 1195 1238 insec-

220 1305 300 1359 tatus
329 1306 375 1359 est
396 1293 468 1360 istos
485 1289 674 1372 monachos,
697 1303 733 1356 ut
752 1292 786 1356 in
804 1290 916 1380 anglia
936 1277 1064 1380 quidem
1081 1290 1197 1357 adver-

219 1414 355 1495 sarium,
379 1415 476 1502 magis
496 1411 778 1492 extimescendum,
805 1411 950 1478 habuisse
968 1413 1088 1478 nullum
1110 1411 1197 1478 ride-

218 1547 320 1604 antur.
360 1534 449 1600 Hanc
463 1546 566 1601 autem
582 1555 705 1600 morum
715 1534 966 1605 reformationem
978 1531 1196 1600 desiderabant

217 1677 342 1744 quoque
370 1655 421 1720 itta
449 1655 611 1721 aetate-in
638 1654 750 1744 anglia
777 1676 849 1720 oum
870 1654 981 1744 plures
995 1653 1100 1733 laici,
1126 1665 1193 1718 tum

218 1777 328 1865 optimi
358 1775 475 1866 quique
502 1774 626 1844 clerici:
660 1773 744 1864 quod
770 1774 862 1840 nobis
887 1773 1011 1863 egregie
1029 1786 1195 1863 apparete

216 1894 324 1962 studiis
367 1894 517 1963 Richardi
552 1894 741 1962 Armaohani
771 1895 1003 1984 multorumque
1033 1893 1195 1961 doctorum

217 1992 459 2099 Oroniensium‚
478 2031 510 2086 et
525 2017 675 2108 ascriptis
693 2015 859 2084 sacerdotis
869 2014 1043 2106 Longlandi
1058 2029 1092 2082 et
1110 2017 1195 2082 cele·

216 2137 383 2204 bratissimi
417 2147 527 2228 potitae
558 2135 723 2209 Chauceri.
780 2132 937 2207 Wicliffus
967 2159 1040 2203 vero
1068 2137 1195 2204 ulterius

216 2257 384 2350 processit:
416 2260 528 2326 abusus
550 2272 588 2325 ‘et
610 2257 707 2338 vitia,
727 2279 818 2347 >quae
839 2256 1029 2331 inf-Ecclesia
1046 2258 1194 2350 temporis

216 2378 351 2462 decursu?
369 2381 549 2447 exstiterant
559 2413 572 2462 ,·
593 2380 629 2445 in
649 2379 715 2446 dies
734 2379 928 2469 perspiciens
947 2378 1068 2468 magis,
1086 2391 1198 2468 atque,

217 2481 313 2591 quum
343 2502 462 2592 patriae
486 2515 517 2568 et
537 2501 690 2569 libertatis
710 2513 788 2573 esset
807 2499 1033 2567 amantissimus
1044 2548 1055 2583 ,
1073 2522 1195 2566 anessa·

172 2638 173 2641 ’
216 2596 264 2688 tus
283 2622 385 2711 Papae
405 2634 436 2687 et
457 2621 551 2688 totius
571 2620 655 2688 Cleri
674 2622 810 2688 Romani
829 2619 1012 2687 dominandi
1031 2619 1195 2686 libidinem

214 2743 438 2831 molestamque
467 2741 501 2805 in
530 2763 579 2808 res
606 2742 837 2810 Ecclesiasticus
855 2756 887 2810 et
905 2735 1011 2808 ciuiles
1029 2741 1196 2809 auctorita·-

216 2873 301 2941 tem,
325 2859 544 2928 Hierarohiam
564 2862 687 2953 scriptis
705 2863 767 2931 suis
786 2887 822 2931 ae
842 2863 976 2930 consiliis
994 2861 1195 2929 uehementer

204 2982 421 3073 impugnavit.
469 2981 644 3048 Ferendam
674 3005 736 3051 non
765 3007 829 3052 esse
856 2983 1001 3053 censebat
1018 2984 1122 3074 Papae
1143 2995 1196 3071 ty-

216 3100 380 3168 rannidem
400 3116 432 3170 et
450 3104 610 3171 avaritiam
620 3154 630 3186 ‚
651 3106 706 3195 qui
724 3126 854 3195 reguum
871 3103 1197 3194 exhauriebatetper·

110 3317 113 3322 .
215 3223 392 3323 agrinorum
416 3223 576 3316 indignam
598 3224 759 3304 cohortem
788 3228 822 3292 in
852 3227 933 3293 bona
953 3225 1111 3320 Ecclesiae
1129 3225 1196 3295 du·

215 3346 354 3435 glicanae
382 3345 553 3415 immittere
584 3347 721 3418 solebat:
754 3361 944 3439 quapropter
971 3348 1074 3437 Papae
1104 3344 1196 3431 istam

217 3464 398 3531 dominandi
424 3468 456 3532 in
483 3468 627 3557 Angliam
644 3468 810 3544 libidinem
830 3479 973 3537 coercere
992 3466 1081 3535 valde
1100 3488 1197 3533 cona-

110 3618 120 3632 κ
212 3599 263 3654 tus
283 3601 340 3658 est.
369 3588 576 3678 Improbabat
604 3613 730 3681 quoque
748 3592 877 3660 clericos
895 3590 1072 3682 gravissima
1091 3579 1198 3680 gerere

216 3708 249 3773 in
277 3710 403 3776 civitate
432 3732 562 3776 munera
593 3723 624 3776 et
644 3707 797 3780 bonores:
820 3713 928 3779 clerici
946 3711 1053 3793 enim,
1072 3708 1113 3775 de
1133 3708 1199 3799 ejus

214 3829 389 3908 sententia,
421 3830 512 3896 unice
541 3831 629 3920 fungi
647 3829 805 3899 debebant
824 3834 928 3901 officio
947 3855 1001 3900 suo
1020 3830 1198 3923 spirituali,

212 3971 271 4015 nec
298 3950 418 4040 magnis
447 3950 582 4041 gaudere
605 3955 849 4044 possessionibus
866 3956 916 4022 sel
936 3953 1074 4036 diuitiis,
1094 3973 1199 4043 neque

208 4070 307 4140 etiam
327 4094 438 4162 eorpus
457 4071 615 4162 quoddam
641 4075 674 4141 in
693 4097 790 4164 regno
808 4077 966 4168 peculiare
986 4073 1196 4151 constituere,
