<?xml version="1.0" encoding="UTF-8"?>
<!DOCTYPE html PUBLIC "-//W3C//DTD XHTML 1.0 Transitional//EN"
    "http://www.w3.org/TR/xhtml1/DTD/xhtml1-transitional.dtd">
<html xmlns="http://www.w3.org/1999/xhtml" xml:lang="en" lang="en">
 <head>
  <title>
</title>
<meta http-equiv="Content-Type" content="text/html;charset=utf-8" />
  <meta name='ocr-system' content='tesseract 3.04.00' />
  <meta name='ocr-capabilities' content='ocr_page ocr_carea ocr_par ocr_line ocrx_word'/>
</head>
<body>
  <div class='ocr_page' id='page_1' title='image "./diatribeinjohan00unkngoog_0274.png"; bbox 0 0 2586 4718; ppageno 0'>
   <div class='ocr_carea' id='block_1_1' title="bbox 552 340 616 402">
    <p class='ocr_par' dir='ltr' id='par_1_1' title="bbox 552 340 616 402">
     <span class='ocr_line' id='line_1_1' title="bbox 552 340 616 402; baseline 0.016 -1"><span class='ocrx_word' id='word_1_1' title='bbox 552 340 616 402; x_wconf 77' lang='lat'><strong>253</strong></span> 
     </span>
    </p>
   </div>
   <div class='ocr_carea' id='block_1_2' title="bbox 10 549 1091 3551">
    <p class='ocr_par' dir='ltr' id='par_1_2' title="bbox 10 549 1091 3551">
     <span class='ocr_line' id='line_1_2' title="bbox 10 549 1081 644; baseline -0.002 -22"><span class='ocrx_word' id='word_1_2' title='bbox 10 637 14 644; x_wconf 85' lang='lat'>.</span> <span class='ocrx_word' id='word_1_3' title='bbox 102 560 145 623; x_wconf 90' lang='lat' dir='ltr'><strong>las</strong></span> <span class='ocrx_word' id='word_1_4' title='bbox 165 551 420 644; x_wconf 71' lang='lat' dir='ltr'><strong>inglu-Saxones</strong></span> <span class='ocrx_word' id='word_1_5' title='bbox 439 553 473 617; x_wconf 90' lang='lat' dir='ltr'><strong>in</strong></span> <span class='ocrx_word' id='word_1_6' title='bbox 493 571 580 618; x_wconf 89' lang='lat' dir='ltr'><strong>suam</strong></span> <span class='ocrx_word' id='word_1_7' title='bbox 598 550 826 616; x_wconf 81' lang='lat' dir='ltr'><strong>transtulerant·</strong></span> <span class='ocrx_word' id='word_1_8' title='bbox 837 549 994 640; x_wconf 78' lang='lat' dir='ltr'><strong>linguam,</strong></span> <span class='ocrx_word' id='word_1_9' title='bbox 1012 575 1081 620; x_wconf 89' lang='lat' dir='ltr'><strong>ma·</strong></span> 
     </span>
     <span class='ocr_line' id='line_1_3' title="bbox 102 671 1079 760; baseline 0 -19"><span class='ocrx_word' id='word_1_10' title='bbox 102 677 184 741; x_wconf 83' lang='lat' dir='ltr'><strong>xime</strong></span> <span class='ocrx_word' id='word_1_11' title='bbox 199 674 413 741; x_wconf 84' lang='lat' dir='ltr'><strong>Hebraeorum</strong></span> <span class='ocrx_word' id='word_1_12' title='bbox 434 671 591 760; x_wconf 76' lang='lat' dir='ltr'><strong>Hymnus,</strong></span> <span class='ocrx_word' id='word_1_13' title='bbox 607 683 638 736; x_wconf 88' lang='lat' dir='ltr'><strong>et</strong></span> <span class='ocrx_word' id='word_1_14' title='bbox 654 671 840 760; x_wconf 77' lang='lat' dir='ltr'><strong>Euangelia:</strong></span> <span class='ocrx_word' id='word_1_15' title='bbox 862 693 932 736; x_wconf 90' lang='lat' dir='ltr'><strong>nam</strong></span> <span class='ocrx_word' id='word_1_16' title='bbox 943 695 982 746; x_wconf 80' lang='lat' dir='ltr'><strong>ea</strong></span> <span class='ocrx_word' id='word_1_17' title='bbox 993 675 1079 757; x_wconf 76' lang='lat' dir='ltr'><strong>furi,</strong></span> 
     </span>
     <span class='ocr_line' id='line_1_4' title="bbox 103 791 1081 886; baseline 0.001 -25"><span class='ocrx_word' id='word_1_18' title='bbox 103 796 205 886; x_wconf 83' lang='lat' dir='ltr'><strong>inquit</strong></span> <span class='ocrx_word' id='word_1_19' title='bbox 232 793 428 861; x_wconf 85' lang='lat' dir='ltr'><strong>Whartonus</strong></span> <span class='ocrx_word' id='word_1_20' title='bbox 439 843 450 874; x_wconf 94' lang='lat'><strong>,</strong></span> <span class='ocrx_word' id='word_1_21' title='bbox 472 794 555 857; x_wconf 55' lang='lat' dir='ltr'><strong>¹olim</strong></span> <span class='ocrx_word' id='word_1_22' title='bbox 576 791 748 859; x_wconf 76' lang='lat' dir='ltr'><strong><em>Ecclesiae</em></strong></span> <span class='ocrx_word' id='word_1_23' title='bbox 768 792 980 884; x_wconf 78' lang='lat' dir='ltr'><strong>Anglz&#39;ennoe</strong></span> <span class='ocrx_word' id='word_1_24' title='bbox 997 818 1081 863; x_wconf 85' lang='lat' dir='ltr'><strong>cura</strong></span> 
     </span>
     <span class='ocr_line' id='line_1_5' title="bbox 103 913 1079 1007; baseline 0.001 -26"><span class='ocrx_word' id='word_1_25' title='bbox 103 920 138 981; x_wconf 84' lang='lat' dir='ltr'><strong>in</strong></span> <span class='ocrx_word' id='word_1_26' title='bbox 158 914 386 1007; x_wconf 68' lang='lat' dir='ltr'><strong>promovendi</strong></span> <span class='ocrx_word' id='word_1_27' title='bbox 406 914 519 1004; x_wconf 79' lang='lat' dir='ltr'><strong>plebis</strong></span> <span class='ocrx_word' id='word_1_28' title='bbox 544 913 610 998; x_wconf 61' lang='lat' dir='ltr'><strong>‚sibi</strong></span> <span class='ocrx_word' id='word_1_29' title='bbox 634 916 825 979; x_wconf 76' lang='lat' dir='ltr'><em>commissae</em></span> <span class='ocrx_word' id='word_1_30' title='bbox 842 917 1079 999; x_wconf 75' lang='lat' dir='ltr'><strong>instructione,</strong></span> 
     </span>
     <span class='ocr_line' id='line_1_6' title="bbox 101 1038 1082 1128; baseline 0.001 -25"><span class='ocrx_word' id='word_1_31' title='bbox 101 1046 157 1119; x_wconf 83' lang='lat' dir='ltr'><strong>ui,</strong></span> <span class='ocrx_word' id='word_1_32' title='bbox 185 1040 312 1128; x_wconf 79' lang='lat' dir='ltr'><strong>quoties</strong></span> <span class='ocrx_word' id='word_1_33' title='bbox 337 1039 455 1126; x_wconf 79' lang='lat' dir='ltr'><strong>lingua</strong></span> <span class='ocrx_word' id='word_1_34' title='bbox 477 1038 662 1128; x_wconf 78' lang='lat' dir='ltr'><strong>popularis</strong></span> <span class='ocrx_word' id='word_1_35' title='bbox 688 1038 850 1124; x_wconf 61' lang='lat' dir='ltr'><strong>inszynem</strong></span> <span class='ocrx_word' id='word_1_36' title='bbox 869 1042 1082 1104; x_wconf 81' lang='lat' dir='ltr'><em>mutationem</em></span> 
     </span>
     <span class='ocr_line' id='line_1_7' title="bbox 95 1154 1079 1248; baseline 0.003 -26"><span class='ocrx_word' id='word_1_37' title='bbox 95 1181 205 1248; x_wconf 84' lang='lat' dir='ltr'><strong>passa</strong></span> <span class='ocrx_word' id='word_1_38' title='bbox 224 1167 273 1223; x_wconf 82' lang='lat' dir='ltr'><strong>est</strong></span> <span class='ocrx_word' id='word_1_39' title='bbox 282 1205 292 1238; x_wconf 93' lang='lat'><strong>,</strong></span> <span class='ocrx_word' id='word_1_40' title='bbox 310 1159 408 1221; x_wconf 80' lang='lat' dir='ltr'><strong>toties</strong></span> <span class='ocrx_word' id='word_1_41' title='bbox 427 1159 553 1221; x_wconf 68' lang='lat' dir='ltr'><strong>reserati</strong></span> <span class='ocrx_word' id='word_1_42' title='bbox 567 1159 716 1221; x_wconf 78' lang='lat' dir='ltr'><em>versione</em></span> <span class='ocrx_word' id='word_1_43' title='bbox 733 1154 903 1224; x_wconf 82' lang='lat' dir='ltr'><strong>adornata</strong></span> <span class='ocrx_word' id='word_1_44' title='bbox 922 1161 1079 1226; x_wconf 81' lang='lat' dir='ltr'><strong>elementa</strong></span> 
     </span>
     <span class='ocr_line' id='line_1_8' title="bbox 94 1277 1082 1372; baseline 0.007 -29"><span class='ocrx_word' id='word_1_45' title='bbox 94 1277 186 1364; x_wconf 72' lang='lat' dir='ltr'><strong>fidei</strong></span> <span class='ocrx_word' id='word_1_46' title='bbox 201 1282 237 1343; x_wconf 80' lang='lat' dir='ltr'><strong>in</strong></span> <span class='ocrx_word' id='word_1_47' title='bbox 254 1280 372 1370; x_wconf 80' lang='lat' dir='ltr'><strong>uulgus</strong></span> <span class='ocrx_word' id='word_1_48' title='bbox 390 1277 517 1344; x_wconf 78' lang='lat' dir='ltr'><strong>ederedo</strong></span> <span class='ocrx_word' id='word_1_49' title='bbox 536 1277 711 1346; x_wconf 62' lang='lat' dir='ltr'><strong>duxerin.</strong></span> <span class='ocrx_word' id='word_1_50' title='bbox 747 1279 854 1345; x_wconf 90' lang='lat' dir='ltr'><strong>Clerus</strong></span> <span class='ocrx_word' id='word_1_51' title='bbox 873 1302 945 1346; x_wconf 82' lang='lat' dir='ltr'><strong>vero</strong></span> <span class='ocrx_word' id='word_1_52' title='bbox 964 1280 1082 1372; x_wconf 72' lang='lat' dir='ltr'><strong>inglo-</strong></span> 
     </span>
     <span class='ocr_line' id='line_1_9' title="bbox 104 1380 1083 1488; baseline 0.003 -21"><span class='ocrx_word' id='word_1_53' title='bbox 104 1399 331 1467; x_wconf 89' lang='lat' dir='ltr'><strong>Normannicus</strong></span> <span class='ocrx_word' id='word_1_54' title='bbox 359 1399 462 1466; x_wconf 82' lang='lat' dir='ltr'><strong>statim</strong></span> <span class='ocrx_word' id='word_1_55' title='bbox 486 1400 553 1488; x_wconf 89' lang='lat' dir='ltr'><strong>jam</strong></span> <span class='ocrx_word' id='word_1_56' title='bbox 572 1380 725 1478; x_wconf 88' lang='lat' dir='ltr'><strong>minorem</strong></span> <span class='ocrx_word' id='word_1_57' title='bbox 743 1398 888 1467; x_wconf 86' lang='lat' dir='ltr'><strong>habuisse</strong></span> <span class='ocrx_word' id='word_1_58' title='bbox 905 1423 1012 1468; x_wconf 88' lang='lat' dir='ltr'><strong>curam</strong></span> <span class='ocrx_word' id='word_1_59' title='bbox 1031 1403 1083 1470; x_wconf 83' lang='lat' dir='ltr'><strong>vi-</strong></span> 
     </span>
     <span class='ocr_line' id='line_1_10' title="bbox 107 1518 1085 1613; baseline 0.004 -27"><span class='ocrx_word' id='word_1_60' title='bbox 107 1521 196 1589; x_wconf 81' lang='lat' dir='ltr'><strong>detur</strong></span> <span class='ocrx_word' id='word_1_61' title='bbox 216 1522 254 1588; x_wconf 90' lang='lat' dir='ltr'><strong>de</strong></span> <span class='ocrx_word' id='word_1_62' title='bbox 273 1521 453 1613; x_wconf 81' lang='lat' dir='ltr'><strong>exponendo</strong></span> <span class='ocrx_word' id='word_1_63' title='bbox 471 1522 558 1588; x_wconf 81' lang='lat' dir='ltr'><strong>laicis</strong></span> <span class='ocrx_word' id='word_1_64' title='bbox 577 1518 693 1587; x_wconf 81' lang='lat' dir='ltr'>Codice</span> <span class='ocrx_word' id='word_1_65' title='bbox 712 1543 797 1588; x_wconf 87' lang='lat' dir='ltr'><strong>sacro</strong></span> <span class='ocrx_word' id='word_1_66' title='bbox 813 1521 1085 1611; x_wconf 77' lang='lat' dir='ltr'><strong>inlinguirerna-</strong></span> 
     </span>
     <span class='ocr_line' id='line_1_11' title="bbox 104 1639 1085 1732; baseline 0.003 -24"><span class='ocrx_word' id='word_1_67' title='bbox 104 1642 194 1712; x_wconf 74' lang='lat' dir='ltr'><strong>culi:</strong></span> <span class='ocrx_word' id='word_1_68' title='bbox 217 1656 326 1732; x_wconf 82' lang='lat' dir='ltr'><strong>etque,</strong></span> <span class='ocrx_word' id='word_1_69' title='bbox 352 1665 413 1732; x_wconf 91' lang='lat' dir='ltr'><strong>quo</strong></span> <span class='ocrx_word' id='word_1_70' title='bbox 434 1643 582 1732; x_wconf 83' lang='lat' dir='ltr'><strong>majorem</strong></span> <span class='ocrx_word' id='word_1_71' title='bbox 601 1642 635 1706; x_wconf 91' lang='lat' dir='ltr'><strong>in</strong></span> <span class='ocrx_word' id='word_1_72' title='bbox 653 1639 798 1732; x_wconf 78' lang='lat' dir='ltr'><strong>Angliam</strong></span> <span class='ocrx_word' id='word_1_73' title='bbox 816 1642 880 1708; x_wconf 83' lang='lat' dir='ltr'><strong>rim</strong></span> <span class='ocrx_word' id='word_1_74' title='bbox 900 1643 1085 1712; x_wconf 87' lang='lat' dir='ltr'><strong>Hierarcbia</strong></span> 
     </span>
     <span class='ocr_line' id='line_1_12' title="bbox 104 1761 1084 1854; baseline 0.004 -25"><span class='ocrx_word' id='word_1_75' title='bbox 104 1761 244 1829; x_wconf 85' lang='lat' dir='ltr'><strong>Romana</strong></span> <span class='ocrx_word' id='word_1_76' title='bbox 271 1763 420 1845; x_wconf 85' lang='lat' dir='ltr'><strong>exseruit,</strong></span> <span class='ocrx_word' id='word_1_77' title='bbox 450 1785 487 1830; x_wconf 95' lang='lat' dir='ltr'><strong>eo</strong></span> <span class='ocrx_word' id='word_1_78' title='bbox 510 1761 608 1852; x_wconf 79' lang='lat' dir='ltr'><strong>magis</strong></span> <span class='ocrx_word' id='word_1_79' title='bbox 633 1761 846 1845; x_wconf 86' lang='lat' dir='ltr'><strong>affirmarunt,</strong></span> <span class='ocrx_word' id='word_1_80' title='bbox 870 1786 961 1854; x_wconf 78' lang='lat' dir='ltr'><strong>grave</strong></span> <span class='ocrx_word' id='word_1_81' title='bbox 986 1766 1084 1834; x_wconf 88' lang='lat' dir='ltr'><strong>inesse</strong></span> 
     </span>
     <span class='ocr_line' id='line_1_13' title="bbox 105 1883 1084 1975; baseline 0.005 -26"><span class='ocrx_word' id='word_1_82' title='bbox 105 1885 295 1974; x_wconf 89' lang='lat' dir='ltr'><strong>periculum,</strong></span> <span class='ocrx_word' id='word_1_83' title='bbox 313 1885 339 1951; x_wconf 91' lang='lat' dir='ltr'><strong>si</strong></span> <span class='ocrx_word' id='word_1_84' title='bbox 357 1884 432 1975; x_wconf 90' lang='lat' dir='ltr'><strong>ipsis</strong></span> <span class='ocrx_word' id='word_1_85' title='bbox 452 1884 539 1950; x_wconf 88' lang='lat' dir='ltr'><strong>laicis</strong></span> <span class='ocrx_word' id='word_1_86' title='bbox 557 1883 648 1972; x_wconf 91' lang='lat' dir='ltr'><strong>copia</strong></span> <span class='ocrx_word' id='word_1_87' title='bbox 666 1883 762 1950; x_wconf 83' lang='lat' dir='ltr'><strong>fiebat</strong></span> <span class='ocrx_word' id='word_1_88' title='bbox 776 1883 901 1972; x_wconf 78' lang='lat' dir='ltr'><strong>legendi</strong></span> <span class='ocrx_word' id='word_1_89' title='bbox 917 1884 1016 1952; x_wconf 88' lang='lat' dir='ltr'><strong>libros</strong></span> <span class='ocrx_word' id='word_1_90' title='bbox 1035 1911 1084 1954; x_wconf 84' lang='lat' dir='ltr'><strong>sa·</strong></span> 
     </span>
     <span class='ocr_line' id='line_1_14' title="bbox 105 2000 1085 2090; baseline 0.003 -19"><span class='ocrx_word' id='word_1_91' title='bbox 105 2027 183 2076; x_wconf 88' lang='lat' dir='ltr'><strong>eros.</strong></span> <span class='ocrx_word' id='word_1_92' title='bbox 230 2003 294 2072; x_wconf 90' lang='lat' dir='ltr'><strong>Sed</strong></span> <span class='ocrx_word' id='word_1_93' title='bbox 323 2004 372 2069; x_wconf 84' lang='lat' dir='ltr'><strong>rel</strong></span> <span class='ocrx_word' id='word_1_94' title='bbox 399 2006 443 2069; x_wconf 86' lang='lat' dir='ltr'><strong>sie</strong></span> <span class='ocrx_word' id='word_1_95' title='bbox 471 2013 673 2068; x_wconf 85' lang='lat' dir='ltr'><strong>monumenta</strong></span> <span class='ocrx_word' id='word_1_96' title='bbox 701 2000 956 2090; x_wconf 88' lang='lat' dir='ltr'><strong>quaedamillius</strong></span> <span class='ocrx_word' id='word_1_97' title='bbox 974 2006 1085 2074; x_wconf 88' lang='lat' dir='ltr'><strong>aetatis</strong></span> 
     </span>
     <span class='ocr_line' id='line_1_15' title="bbox 101 2118 1083 2216; baseline 0.003 -24"><span class='ocrx_word' id='word_1_98' title='bbox 101 2138 281 2216; x_wconf 83' lang='lat' dir='ltr'><em>supersunt,</em></span> <span class='ocrx_word' id='word_1_99' title='bbox 302 2121 489 2212; x_wconf 87' lang='lat' dir='ltr'><strong>probantia,</strong></span> <span class='ocrx_word' id='word_1_100' title='bbox 508 2118 646 2188; x_wconf 89' lang='lat' dir='ltr'><strong>studium</strong></span> <span class='ocrx_word' id='word_1_101' title='bbox 664 2120 789 2212; x_wconf 78' lang='lat' dir='ltr'><strong>legendi</strong></span> <span class='ocrx_word' id='word_1_102' title='bbox 808 2123 924 2215; x_wconf 89' lang='lat' dir='ltr'><strong>scripta</strong></span> <span class='ocrx_word' id='word_1_103' title='bbox 943 2148 1027 2193; x_wconf 88' lang='lat' dir='ltr'><strong>sacra</strong></span> <span class='ocrx_word' id='word_1_104' title='bbox 1049 2128 1083 2195; x_wconf 90' lang='lat' dir='ltr'><strong>in</strong></span> 
     </span>
     <span class='ocr_line' id='line_1_16' title="bbox 104 2242 1085 2335; baseline 0.006 -26"><span class='ocrx_word' id='word_1_105' title='bbox 104 2244 206 2335; x_wconf 88' lang='lat' dir='ltr'><strong>patrio</strong></span> <span class='ocrx_word' id='word_1_106' title='bbox 230 2264 372 2309; x_wconf 88' lang='lat' dir='ltr'><strong>sermone</strong></span> <span class='ocrx_word' id='word_1_107' title='bbox 397 2265 458 2309; x_wconf 92' lang='lat' dir='ltr'><strong>non</strong></span> <span class='ocrx_word' id='word_1_108' title='bbox 477 2265 601 2333; x_wconf 90' lang='lat' dir='ltr'><strong>prorsus</strong></span> <span class='ocrx_word' id='word_1_109' title='bbox 621 2242 681 2309; x_wconf 90' lang='lat' dir='ltr'><strong>illis</strong></span> <span class='ocrx_word' id='word_1_110' title='bbox 702 2244 894 2335; x_wconf 85' lang='lat' dir='ltr'><strong>temporibus</strong></span> <span class='ocrx_word' id='word_1_111' title='bbox 913 2247 1006 2314; x_wconf 88' lang='lat' dir='ltr'><strong>fuisse</strong></span> <span class='ocrx_word' id='word_1_112' title='bbox 1024 2271 1085 2315; x_wconf 90' lang='lat' dir='ltr'><strong>ne·</strong></span> 
     </span>
     <span class='ocr_line' id='line_1_17' title="bbox 102 2363 1086 2454; baseline 0.005 -24"><span class='ocrx_word' id='word_1_113' title='bbox 102 2365 250 2454; x_wconf 81' lang='lat' dir='ltr'><strong>glectum.</strong></span> <span class='ocrx_word' id='word_1_114' title='bbox 309 2364 415 2432; x_wconf 89' lang='lat' dir='ltr'><strong>Plures</strong></span> <span class='ocrx_word' id='word_1_115' title='bbox 445 2366 566 2431; x_wconf 87' lang='lat' dir='ltr'><strong>saeculo</strong></span> <span class='ocrx_word' id='word_1_116' title='bbox 592 2363 667 2430; x_wconf 81' lang='lat' dir='ltr'><strong>xlv</strong></span> <span class='ocrx_word' id='word_1_117' title='bbox 689 2364 794 2432; x_wconf 93' lang='lat' dir='ltr'><strong>medio</strong></span> <span class='ocrx_word' id='word_1_118' title='bbox 813 2367 1025 2436; x_wconf 80' lang='lat' dir='ltr'>translationes</span> <span class='ocrx_word' id='word_1_119' title='bbox 1045 2369 1086 2435; x_wconf 90' lang='lat' dir='ltr'><strong>ad</strong></span> 
     </span>
     <span class='ocr_line' id='line_1_18' title="bbox 102 2483 1084 2578; baseline 0.003 -25"><span class='ocrx_word' id='word_1_120' title='bbox 102 2488 224 2555; x_wconf 83' lang='lat' dir='ltr'><strong>literam</strong></span> <span class='ocrx_word' id='word_1_121' title='bbox 251 2485 436 2578; x_wconf 88' lang='lat' dir='ltr'><strong>prodierunt</strong></span> <span class='ocrx_word' id='word_1_122' title='bbox 462 2483 659 2575; x_wconf 88' lang='lat' dir='ltr'><strong>quorundam</strong></span> <span class='ocrx_word' id='word_1_123' title='bbox 687 2485 767 2551; x_wconf 87' lang='lat' dir='ltr'><strong>sacri</strong></span> <span class='ocrx_word' id='word_1_124' title='bbox 787 2483 912 2553; x_wconf 81' lang='lat' dir='ltr'><strong>Codicis</strong></span> <span class='ocrx_word' id='word_1_125' title='bbox 930 2487 1084 2556; x_wconf 93' lang='lat' dir='ltr'><strong>librorum</strong></span> 
     </span>
     <span class='ocr_line' id='line_1_19' title="bbox 104 2606 1084 2698; baseline 0.004 -24"><span class='ocrx_word' id='word_1_126' title='bbox 104 2610 137 2674; x_wconf 91' lang='lat' dir='ltr'><strong>in</strong></span> <span class='ocrx_word' id='word_1_127' title='bbox 166 2631 236 2674; x_wconf 88' lang='lat' dir='ltr'><strong>eam</strong></span> <span class='ocrx_word' id='word_1_128' title='bbox 262 2606 420 2696; x_wconf 78' lang='lat' dir='ltr'><strong>linguam,</strong></span> <span class='ocrx_word' id='word_1_129' title='bbox 451 2628 531 2696; x_wconf 90' lang='lat' dir='ltr'><strong>quae</strong></span> <span class='ocrx_word' id='word_1_130' title='bbox 557 2629 575 2672; x_wconf 94' lang='lat' dir='ltr'><strong>a</strong></span> <span class='ocrx_word' id='word_1_131' title='bbox 593 2606 699 2673; x_wconf 88' lang='lat' dir='ltr'><strong>multis</strong></span> <span class='ocrx_word' id='word_1_132' title='bbox 719 2607 752 2672; x_wconf 93' lang='lat' dir='ltr'><strong>in</strong></span> <span class='ocrx_word' id='word_1_133' title='bbox 769 2606 880 2698; x_wconf 73' lang='lat' dir='ltr'><strong>Anglii</strong></span> <span class='ocrx_word' id='word_1_134' title='bbox 896 2620 970 2675; x_wconf 86' lang='lat' dir='ltr'><strong>tunc</strong></span> <span class='ocrx_word' id='word_1_135' title='bbox 986 2613 1084 2680; x_wconf 79' lang='lat' dir='ltr'><strong>excoli</strong></span> 
     </span>
     <span class='ocr_line' id='line_1_20' title="bbox 106 2725 1091 2824; baseline 0.004 -28"><span class='ocrx_word' id='word_1_136' title='bbox 106 2729 231 2821; x_wconf 88' lang='lat' dir='ltr'><strong>coepit,</strong></span> <span class='ocrx_word' id='word_1_137' title='bbox 265 2727 430 2819; x_wconf 87' lang='lat' dir='ltr'><strong>quaeque,</strong></span> <span class='ocrx_word' id='word_1_138' title='bbox 464 2726 613 2818; x_wconf 86' lang='lat' dir='ltr'><strong>temporis</strong></span> <span class='ocrx_word' id='word_1_139' title='bbox 643 2725 774 2793; x_wconf 91' lang='lat' dir='ltr'><strong>decursu</strong></span> <span class='ocrx_word' id='word_1_140' title='bbox 802 2729 900 2819; x_wconf 81' lang='lat' dir='ltr'><strong>magis</strong></span> <span class='ocrx_word' id='word_1_141' title='bbox 924 2732 1091 2824; x_wconf 57' lang='lat' dir='ltr'><strong>magisque.</strong></span> 
     </span>
     <span class='ocr_line' id='line_1_21' title="bbox 103 2847 1085 2940; baseline 0.007 -24"><span class='ocrx_word' id='word_1_142' title='bbox 103 2850 217 2940; x_wconf 83' lang='lat' dir='ltr'><strong>polite,</strong></span> <span class='ocrx_word' id='word_1_143' title='bbox 246 2848 432 2930; x_wconf 92' lang='lat' dir='ltr'><strong>hodiernum</strong></span> <span class='ocrx_word' id='word_1_144' title='bbox 460 2847 583 2938; x_wconf 86' lang='lat' dir='ltr'><strong>peperit</strong></span> <span class='ocrx_word' id='word_1_145' title='bbox 613 2847 784 2938; x_wconf 79' lang='lat' dir='ltr'><strong>Anglorum</strong></span> <span class='ocrx_word' id='word_1_146' title='bbox 803 2871 990 2924; x_wconf 90' lang='lat' dir='ltr'><strong>sermonem.</strong></span> <span class='ocrx_word' id='word_1_147' title='bbox 1039 2856 1085 2923; x_wconf 80' lang='lat' dir='ltr'><strong>Er</strong></span> 
     </span>
     <span class='ocr_line' id='line_1_22' title="bbox 103 2966 1085 3063; baseline 0.008 -28"><span class='ocrx_word' id='word_1_148' title='bbox 103 2970 164 3060; x_wconf 92' lang='lat' dir='ltr'><strong>piis</strong></span> <span class='ocrx_word' id='word_1_149' title='bbox 183 2982 215 3035; x_wconf 87' lang='lat' dir='ltr'><strong>et</strong></span> <span class='ocrx_word' id='word_1_150' title='bbox 234 2968 427 3036; x_wconf 86' lang='lat' dir='ltr'><strong>doctioribus</strong></span> <span class='ocrx_word' id='word_1_151' title='bbox 445 2968 587 3050; x_wconf 89' lang='lat' dir='ltr'><strong>clericis,</strong></span> <span class='ocrx_word' id='word_1_152' title='bbox 612 2966 687 3058; x_wconf 84' lang='lat' dir='ltr'><strong>qui,</strong></span> <span class='ocrx_word' id='word_1_153' title='bbox 717 2992 895 3060; x_wconf 88' lang='lat' dir='ltr'><strong>quanquam</strong></span> <span class='ocrx_word' id='word_1_154' title='bbox 914 2975 1009 3063; x_wconf 88' lang='lat' dir='ltr'><strong>pauci</strong></span> <span class='ocrx_word' id='word_1_155' title='bbox 1024 2999 1085 3043; x_wconf 89' lang='lat' dir='ltr'><strong>nu·</strong></span> 
     </span>
     <span class='ocr_line' id='line_1_23' title="bbox 103 3088 1084 3180; baseline 0.005 -24"><span class='ocrx_word' id='word_1_156' title='bbox 103 3114 211 3174; x_wconf 88' lang='lat' dir='ltr'><strong>mero,</strong></span> <span class='ocrx_word' id='word_1_157' title='bbox 230 3089 306 3156; x_wconf 91' lang='lat' dir='ltr'><strong>illud</strong></span> <span class='ocrx_word' id='word_1_158' title='bbox 327 3091 545 3180; x_wconf 84' lang='lat' dir='ltr'><strong>perfecerunt,</strong></span> <span class='ocrx_word' id='word_1_159' title='bbox 564 3089 733 3177; x_wconf 84' lang='lat' dir='ltr'><strong>praecipue</strong></span> <span class='ocrx_word' id='word_1_160' title='bbox 751 3088 957 3168; x_wconf 89' lang='lat' dir='ltr'><strong>nominandus</strong></span> <span class='ocrx_word' id='word_1_161' title='bbox 967 3106 1012 3160; x_wconf 84' lang='lat' dir='ltr'><strong>est</strong></span> <span class='ocrx_word' id='word_1_162' title='bbox 1022 3095 1084 3160; x_wconf 88' lang='lat' dir='ltr'><strong>Ri-</strong></span> 
     </span>
     <span class='ocr_line' id='line_1_24' title="bbox 104 3207 1087 3311; baseline 0.003 -32"><span class='ocrx_word' id='word_1_163' title='bbox 104 3211 238 3279; x_wconf 82' lang='lat' dir='ltr'><strong>ahardus</strong></span> <span class='ocrx_word' id='word_1_164' title='bbox 252 3210 371 3311; x_wconf 70' lang='lat' dir='ltr'><strong>iiollius</strong></span> <span class='ocrx_word' id='word_1_165' title='bbox 381 3219 412 3292; x_wconf 83' lang='lat'><strong>²,</strong></span> <span class='ocrx_word' id='word_1_166' title='bbox 429 3207 564 3276; x_wconf 89' lang='lat' dir='ltr'><strong>Wicliffi</strong></span> <span class='ocrx_word' id='word_1_167' title='bbox 577 3208 733 3299; x_wconf 87' lang='lat' dir='ltr'><strong>aequalis,</strong></span> <span class='ocrx_word' id='word_1_168' title='bbox 749 3222 843 3299; x_wconf 86' lang='lat' dir='ltr'><strong>atque</strong></span> <span class='ocrx_word' id='word_1_169' title='bbox 856 3211 890 3276; x_wconf 91' lang='lat' dir='ltr'><strong>in</strong></span> <span class='ocrx_word' id='word_1_170' title='bbox 906 3211 967 3280; x_wconf 92' lang='lat' dir='ltr'><strong>boe</strong></span> <span class='ocrx_word' id='word_1_171' title='bbox 984 3215 1087 3283; x_wconf 88' lang='lat' dir='ltr'><strong>amice</strong></span> 
     </span>
     <span class='ocr_line' id='line_1_25' title="bbox 105 3327 1085 3422; baseline 0.006 -24"><span class='ocrx_word' id='word_1_172' title='bbox 105 3355 177 3399; x_wconf 88' lang='lat' dir='ltr'><strong>oum</strong></span> <span class='ocrx_word' id='word_1_173' title='bbox 188 3355 225 3398; x_wconf 96' lang='lat' dir='ltr'><strong>eo</strong></span> <span class='ocrx_word' id='word_1_174' title='bbox 236 3331 430 3422; x_wconf 86' lang='lat' dir='ltr'><strong>conspirans,</strong></span> <span class='ocrx_word' id='word_1_175' title='bbox 447 3328 531 3419; x_wconf 90' lang='lat' dir='ltr'><strong>quod</strong></span> <span class='ocrx_word' id='word_1_176' title='bbox 542 3327 811 3396; x_wconf 81' lang='lat' dir='ltr'><strong>vitiaclericorum</strong></span> <span class='ocrx_word' id='word_1_177' title='bbox 823 3333 1018 3402; x_wconf 78' lang='lat' dir='ltr'><strong>aversabatur</strong></span> <span class='ocrx_word' id='word_1_178' title='bbox 1028 3359 1085 3404; x_wconf 89' lang='lat' dir='ltr'><strong>ea-</strong></span> 
     </span>
     <span class='ocr_line' id='line_1_26' title="bbox 107 3449 1086 3551; baseline 0.008 -32"><span class='ocrx_word' id='word_1_179' title='bbox 107 3476 168 3542; x_wconf 92' lang='lat' dir='ltr'><strong>que</strong></span> <span class='ocrx_word' id='word_1_180' title='bbox 176 3453 375 3521; x_wconf 77' lang='lat' dir='ltr'><strong>vehementer</strong></span> <span class='ocrx_word' id='word_1_181' title='bbox 385 3449 643 3543; x_wconf 88' lang='lat' dir='ltr'><strong>reprehendebat.</strong></span> <span class='ocrx_word' id='word_1_182' title='bbox 666 3450 765 3519; x_wconf 87' lang='lat' dir='ltr'><strong>iiicce</strong></span> <span class='ocrx_word' id='word_1_183' title='bbox 772 3465 861 3535; x_wconf 88' lang='lat' dir='ltr'><strong>,tum</strong></span> <span class='ocrx_word' id='word_1_184' title='bbox 871 3455 975 3547; x_wconf 88' lang='lat' dir='ltr'><strong>plures</strong></span> <span class='ocrx_word' id='word_1_185' title='bbox 982 3459 1086 3551; x_wconf 90' lang='lat' dir='ltr'><strong>patrio</strong></span> 
     </span>
    </p>
   </div>
   <div class='ocr_carea' id='block_1_3' title="bbox 99 3629 135 3639">
    <p class='ocr_par' dir='ltr' id='par_1_3' title="bbox 99 3629 135 3639">
     <span class='ocr_line' id='line_1_27' title="bbox 99 3629 135 3639; baseline 0 -6"><span class='ocrx_word' id='word_1_186' title='bbox 99 3629 135 3639; x_wconf 72' lang='grc'>,,..</span> 
     </span>
    </p>
   </div>
   <div class='ocr_carea' id='block_1_4' title="bbox 135 3733 1093 4144">
    <p class='ocr_par' dir='ltr' id='par_1_4' title="bbox 135 3733 784 3802">
     <span class='ocr_line' id='line_1_28' title="bbox 135 3733 784 3802; baseline 0.008 -19"><span class='ocrx_word' id='word_1_187' title='bbox 135 3737 146 3770; x_wconf 59' lang='grc'><strong>’1</strong></span> <span class='ocrx_word' id='word_1_188' title='bbox 172 3734 250 3784; x_wconf 78' lang='lat' dir='ltr'><strong>Aust.</strong></span> <span class='ocrx_word' id='word_1_189' title='bbox 270 3734 342 3786; x_wconf 65' lang='grc' dir='ltr'><strong><em>Εἰσί.</em></strong></span> <span class='ocrx_word' id='word_1_190' title='bbox 362 3735 457 3802; x_wconf 74' lang='lat' dir='ltr'><strong>Dopm.</strong></span> <span class='ocrx_word' id='word_1_191' title='bbox 476 3736 533 3786; x_wconf 79' lang='lat' dir='ltr'><strong>iao.</strong></span> <span class='ocrx_word' id='word_1_192' title='bbox 552 3733 654 3786; x_wconf 71' lang='lat' dir='ltr'><strong>Uenerii.</strong></span> <span class='ocrx_word' id='word_1_193' title='bbox 673 3750 700 3799; x_wconf 88' lang='lat' dir='ltr'><strong>p.</strong></span> <span class='ocrx_word' id='word_1_194' title='bbox 721 3733 784 3788; x_wconf 80' lang='lat'><strong>387.</strong></span> 
     </span>
    </p>

    <p class='ocr_par' dir='ltr' id='par_1_5' title="bbox 135 3818 1093 4144">
     <span class='ocr_line' id='line_1_29' title="bbox 135 3818 1092 3884; baseline 0.003 -14"><span class='ocrx_word' id='word_1_195' title='bbox 135 3821 147 3856; x_wconf 86' lang='lat'>²</span> <span class='ocrx_word' id='word_1_196' title='bbox 172 3819 309 3870; x_wconf 78' lang='lat' dir='ltr'><strong>Monachus</strong></span> <span class='ocrx_word' id='word_1_197' title='bbox 334 3820 383 3868; x_wconf 79' lang='lat' dir='ltr'><strong>tuit</strong></span> <span class='ocrx_word' id='word_1_198' title='bbox 408 3837 439 3870; x_wconf 86' lang='lat' dir='ltr'><strong>ex</strong></span> <span class='ocrx_word' id='word_1_199' title='bbox 467 3819 557 3869; x_wconf 86' lang='lat' dir='ltr'><strong>ordine</strong></span> <span class='ocrx_word' id='word_1_200' title='bbox 583 3818 750 3868; x_wconf 79' lang='lat' dir='ltr'><strong>Eremiiarum&#39;</strong></span> <span class='ocrx_word' id='word_1_201' title='bbox 773 3819 857 3869; x_wconf 77' lang='lat' dir='ltr'><strong>saucii</strong></span> <span class='ocrx_word' id='word_1_202' title='bbox 882 3820 1036 3884; x_wconf 75' lang='lat' dir='ltr'><strong>Augustini,</strong></span> <span class='ocrx_word' id='word_1_203' title='bbox 1063 3824 1092 3873; x_wconf 89' lang='lat' dir='ltr'><strong>in</strong></span> 
     </span>
     <span class='ocr_line' id='line_1_30' title="bbox 168 3902 1093 3972; baseline 0 -16"><span class='ocrx_word' id='word_1_204' title='bbox 168 3905 293 3956; x_wconf 86' lang='lat' dir='ltr'><strong>coenobio</strong></span> <span class='ocrx_word' id='word_1_205' title='bbox 318 3905 478 3969; x_wconf 84' lang='lat' dir='ltr'><strong>llampolensi</strong></span> <span class='ocrx_word' id='word_1_206' title='bbox 496 3920 575 3972; x_wconf 87' lang='lat' dir='ltr'><strong>prope</strong></span> <span class='ocrx_word' id='word_1_207' title='bbox 593 3905 786 3966; x_wconf 80' lang='lat' dir='ltr'><strong>lionoasirium,</strong></span> <span class='ocrx_word' id='word_1_208' title='bbox 806 3902 908 3954; x_wconf 88' lang='lat' dir='ltr'><strong>celebre</strong></span> <span class='ocrx_word' id='word_1_209' title='bbox 924 3903 1093 3956; x_wconf 80' lang='lat' dir='ltr'><strong>Eboraeensis</strong></span> 
     </span>
     <span class='ocr_line' id='line_1_31' title="bbox 169 3988 1091 4058; baseline 0.001 -18"><span class='ocrx_word' id='word_1_210' title='bbox 169 3991 315 4058; x_wconf 78' lang='lat' dir='ltr'><strong>provinciae</strong></span> <span class='ocrx_word' id='word_1_211' title='bbox 332 3988 469 4055; x_wconf 83' lang='lat' dir='ltr'><strong>oppidum,</strong></span> <span class='ocrx_word' id='word_1_212' title='bbox 488 3989 533 4040; x_wconf 89' lang='lat' dir='ltr'><strong>diu</strong></span> <span class='ocrx_word' id='word_1_213' title='bbox 550 3992 677 4051; x_wconf 79' lang='lat' dir='ltr'><strong>moreius,</strong></span> <span class='ocrx_word' id='word_1_214' title='bbox 695 3989 763 4048; x_wconf 81' lang='lat' dir='ltr'><strong>unde</strong></span> <span class='ocrx_word' id='word_1_215' title='bbox 777 3989 853 4054; x_wconf 76' lang='lat' dir='ltr'><strong>vulgo</strong></span> <span class='ocrx_word' id='word_1_216' title='bbox 868 3988 991 4040; x_wconf 79' lang='lat' dir='ltr'><strong>Eremita</strong></span> <span class='ocrx_word' id='word_1_217' title='bbox 1008 3989 1091 4041; x_wconf 77' lang='lat' dir='ltr'><strong>Hom·</strong></span> 
     </span>
     <span class='ocr_line' id='line_1_32' title="bbox 168 4074 414 4144; baseline 0 -18"><span class='ocrx_word' id='word_1_218' title='bbox 168 4076 247 4144; x_wconf 78' lang='lat' dir='ltr'><strong>polus</strong></span> <span class='ocrx_word' id='word_1_219' title='bbox 263 4074 348 4124; x_wconf 79' lang='lat' dir='ltr'><strong>dietus</strong></span> <span class='ocrx_word' id='word_1_220' title='bbox 365 4077 414 4126; x_wconf 80' lang='lat' dir='ltr'><strong>est.</strong></span> 
     </span>
    </p>
   </div>
   <div class='ocr_carea' id='block_1_5' title="bbox 0 0 1301 4718">
    <p class='ocr_par' dir='ltr' id='par_1_6' title="bbox 0 0 1301 4718">
     <span class='ocr_line' id='line_1_33' title="bbox 0 0 1301 4718; baseline 0 0"><span class='ocrx_word' id='word_1_221' title='bbox 0 0 1301 4718; x_wconf 95' lang='lat' dir='ltr'><strong> </strong></span> 
     </span>
    </p>
   </div>
  </div>
 </body>
</html>
