2586 4718
567 326 611 389 99

101 540 194 606 minis
212 538 318 616 laicis,
341 537 397 626 qui
417 557 468 602 eos
488 547 651 602 avocarent
671 558 688 600 a
709 536 782 601 ouri
797 537 964 626 pastorali,
984 539 1079 629 inque

100 663 163 730 suis
180 659 256 726 nulia
274 669 417 726 ornarent
437 656 595 747 quibusvis
615 657 683 724 aliis
701 657 811 724 officiis
830 671 860 725 et
879 659 965 725 ranis
982 651 1081 726 hon'o·

100 785 200 852 ribus.
237 779 359 866 »Quod
384 801 477 874 sane,
509 777 586 844 dicit
611 777 745 859 alicubi,
776 801 878 869 neque
901 780 1080 863 Praelatns,

99 925 202 992 neque
229 899 390 980 doctores,
422 921 524 988 neque
555 897 721 981 diaconos,
754 922 856 990 neque
884 899 959 968 alios
987 913 1080 990 quot·

99 1035 176 1114 quot
203 1013 361 1112 pertinent
391 1019 430 1084 ad
462 1017 612 1102 Clarum,
645 1019 756 1101 decet,
790 1021 877 1109 fungi
902 1021 1082 1089 muneribus

100 1143 273 1234 ejusmodi,
307 1141 409 1231 qualia
438 1155 508 1208 sunt
537 1141 701 1232 dignitates
727 1140 931 1221 Cancellarii,
966 1142 1081 1226 Quaes-
1146 1130 1151 1142 ¹
1192 1123 1217 1191 ι’

102 1264 199 1344 toris,
220 1260 363 1329 Custodia
385 1261 499 1350 sigilli,
521 1261 678 1330 Curatoris
707 1263 799 1344 fisci,
828 1275 967 1342 caetera3
992 1284 1083 1352 prae·

78 1367 80 1375 ⁵
102 1362 208 1450 sertim
232 1382 292 1450 hoc
318 1383 449 1448 minime
470 1405 521 1449 eos
541 1381 653 1464 decet,
687 1405 785 1472 quum
804 1380 905 1449 adsint
925 1383 1005 1457 inter
1024 1382 1082 1449 lai·

101 1527 153 1572 cos
171 1504 247 1585 riri,
269 1502 309 1569 ad
327 1502 577 1593 perfungendum
594 1505 658 1571 illis·
674 1503 785 1571 officiis
803 1500 908 1569 idonei
920 1508 971 1572 ¹.'’

146 1986 200 2054 Sic
232 1986 326 2074 igitur
354 1984 531 2066 Wicliffus,
561 1959 623 2050 suis
642 1985 804 2048 sententiis
821 1983 1087 2052 communicandis

100 2130 172 2174 cum
205 2119 295 2194 gente
330 2106 383 2169 sui
411 2104 450 2166 de
478 2102 571 2167 rebus
592 2102 839 2184 Ecclesiastiois,
859 2105 995 2195 egregie
1019 2108 1086 2196 jam

34 2225 37 2228 ⁴
101 2227 219 2318 profuit
247 2245 356 2290 causae
380 2223 550 2311 Religionis
569 2238 598 2290 et
617 2225 786 2294 Ecclesiae.
834 2224 993 2315 Imprimis
1013 2249 1086 2294 sero

89 2346 187 2410 ¹illam
216 2344 387 2410 instaurare
415 2343 498 2434 apud
519 2347 684 2434 populares
703 2368 793 2425 anos,
818 2343 985 2410 emendare
1003 2343 1085 2415 hanc

30 2521 47 2536 .,
100 2464 237 2545 studuit,
262 2487 279 2529 a
300 2488 361 2553 qno
380 2462 454 2531 inde
473 2476 614 2554 tempore
635 2467 667 2529 in
690 2463 857 2532 Oxoniensi
875 2466 1086 2534 Universitate
1139 2518 1141 2523 -

50 2561 52 2563 Ι
98 2607 228 2652 munere
256 2584 396 2672 Magistri
421 2584 556 2673 regentis
586 2585 648 2651 sive
676 2584 858 2650 Professoris
881 2585 1004 2655 functus
1024 2599 1084 2658 est.

100 2704 308 2795 Conscripto,
337 2716 371 2770 ut
396 2717 529 2795 putant,
553 2726 634 2770 anno
659 2707 767 2785 1372,
793 2716 926 2793 tractatu
947 2707 1085 2796 quodam

96 2824 149 2893 110
173 2826 401 2891 exhortatione
423 2827 499 2908 nova·
519 2823 714 2905 doctorz's2,
739 2847 797 2915 pro
818 2825 915 2915 gradu
938 2827 971 2892 in
993 2827 1084 2897 theo·
1159 2883 1162 2888 .

97 2947 177 3035 legit
202 2947 372 3027 doctorali,
395 2944 477 3012 hanc
496 2945 693 3036 disciplinam
713 2947 778 3012 illic
795 2948 923 3037 publice
940 2949 1084 3038 profiteri

96 3068 221 3159 eoepit3
243 3090 278 3133 ex
298 3070 358 3157 qud
378 3065 510 3133 docendi
530 3067 721 3133 etooncesst
739 3066 864 3132 licentii
883 3070 1028 3158 colligere
1042 3070 1082 3135 li·
1141 3155 1144 3161 Ι

96 3201 167 3269 cet,
193 3211 287 3278 quarn
315 3188 396 3253 bene
422 3184 592 3288 Academia
616 3179 798 3253 Oroniensis
815 3188 1023 3255 aestimaverit
1041 3189 1081 3255 de

96 3309 273 3376 eruditione
301 3321 334 3375 et
361 3309 478 3398 pietate
507 3307 589 3373 illins
602 3355 614 3387 ‚
646 3302 700 3397 qui
731 3328 889 3374 asummo
909 3309 1078 3394 Pontifice,
1162 3369 1164 3374 .
1210 3289 1214 3297 ’

11 3483 13 3489 s
98 3431 186 3496 brevi
213 3444 355 3520 tempore
382 3441 477 3520 ante,
505 3428 645 3519 privatus
669 3439 736 3493 erat
759 3449 888 3494 munere
908 3429 1106 3521 Praepositi

99 3549 198 3616 dulae
229 3536 470 3621 Oantnariensis.
517 3548 616 3616 Valde
633 3526 778 3642 ‘quoque'
797 3565 956 3642 acceptam
985 3553 1092 3632 luisse

107 3757 122 3764 r
152 3754 309 3761 ...mmm-
337 3755 414 3762 1---00

129 3883 138 3918 ¹
165 3882 194 3929 In
210 3895 304 3946 operer
315 3882 449 3933 Ecclesiae
457 3885 602 3950 Regimen,
615 3885 665 3933 MS.
676 3883 707 3932 do
716 3899 767 3946 quo
776 3883 824 3933 vid,
835 3856 938 3934 omnino
947 3885 1081 3951 Vaughnn.

111 4020 114 4026 ,
162 3965 220 4017 vol.
240 3968 269 4016 1.‹
280 3984 305 4032 p.
323 3966 385 4019 314.
405 3973 460 4020 not.
482 3971 523 4022 18.
542 3969 599 4020 vot.
622 3968 658 4017 11.
680 3965 787 4032 pace.

129 4053 141 4088 ²
169 4053 219 4103 HS.
240 4056 383 4105 asservatur
397 4053 424 4104 in
438 4055 506 4124 tul,
524 4053 581 4107 Pal.
602 4053 711 4103 vindob.
727 4054 777 4104 vid.
795 4053 892 4115 Brber,
912 4070 938 4119 p.
958 4054 1045 4115 xilva

886 4153 922 4196 7*
