2586 4718
572 250 614 317 74

109 459 224 527 danem
250 458 285 525 in
297 458 443 558 xllcolcsia
461 456 721 549 pessundantem,
745 456 915 530 tollendum
936 482 1001 539 assa
1018 476 1089 541 aaa.

109 582 228 650 luebat}
284 579 338 648 Sic
366 579 493 672 quidem
519 575 681 649 Wiclilius
709 581 769 648 sibi
797 585 948 659 conuexit
971 584 1086 659 hornen

108 702 320 783 simultatem,
353 723 460 768 serum
489 723 643 771 summum
668 724 792 793 quoque
818 725 854 771 er
873 701 933 770 hac
952 719 1085 774 contro-

108 824 205 890 rersid
223 822 364 913 percepit
381 823 529 898 fructum.
575 823 678 902 Nam,
702 807 921 914 praeterquam
939 825 1024 916 quod
1044 826 1085 897 de

106 944 248 1034 perversi
274 943 430 1016 Ecclesiae
453 941 632 1013 conditione
655 941 964 1036 hamopportunitate
985 947 1086 1036 magis

105 1064 202 1137 etiam
229 1063 288 1131 sibi
317 1062 543 1153 persuadebat,
577 1086 648 1156 ansa
675 1064 706 1129 ei
730 1062 802 1137 data
830 1076 876 1130 est
903 1065 1086 1155 inquirendi

109 1183 251 1275 qnotidie
269 1183 441 1250 accuratius
458 1181 650 1251 iuGodicem
661 1205 800 1266 sacrum,
811 1184 855 1253 ita
865 1198 900 1252 ut
909 1184 994 1252 hunc
1013 1177 1086 1259 tarr-¹

106 1305 176 1371 dem
196 1304 324 1371 unicum
350 1300 426 1369 fidei
448 1299 641 1370 Christianae
660 1305 778 1371 fontem
800 1317 832 1381 et
849 1328 989 1373 normam
1003 1307 1086 1382 eris-

105 1427 273 1497 timarerit.
321 1425 366 1499 tta
385 1423 543 1498 monacbis
561 1423 679 1492 scilicet
704 1424 953 1493 Mendicantibus
971 1429 1085 1511 multi,

103 1548 272 1630 clamantes
298 1559 330 1617 et
353 1546 521 1618 scribentes
541 1557 648 1612 contra
667 1545 865 1627 Wicliffnm,
889 1568 983 1637 quern
1000 1545 1083 1616 hae·

103 1668 229 1737 riticum
247 1667 467 1759 appellabant,
487 1664 584 1756 idqne
602 1665 643 1732 ob
662 1667 728 1756 ejus
747 1667 911 1735 sententias
923 1667 1079 1749 maxime,

102 1810 200 1879 quum
219 1788 278 1855 siri
296 1808 397 1855 mores
415 1785 575 1854 criminari
593 1808 654 1853 non
675 1801 816 1877 possent,
839 1809 1007 1879 provocare
1023 1811 1081 1855 so·

36 1931 39 1944 ·
101 1911 231 1994 lebant,
265 1923 299 1976 ut
330 1907 486 1976 sordidam
515 1931 599 1974 suam
624 1906 824 1978 defenderent
841 1921 1080 2000 paupertatem,

99 2031 141 2104 ‚ad
172 2029 288 2105 Christi
316 2030 598 2118 Apostolorumqne
626 2014 799 2119 exemplum
820 2041 851 2096 et
870 2029 981 2108 effata,
1005 2029 1081 2103 licet

88 2151 213 2224 ,misere
237 2147 316 2215 haec
338 2162 577 2237 contorquerent
595 2149 733 2238 falseque
753 2147 826 2215 iude
845 2149 1079 2227 concluderent,

96 2272 148 2348 Ita
168 2285 272 2339 autem
292 2267 503 2360 disputantes,
525 2268 678 2358 cogebant
703 2269 768 2336 lere
791 2267 1000 2334 adversarium
1012 2319 1022 2350 ‚
1043 2282 1079 2342 ut

95 2375 161 2467 suis
183 2395 322 2482 ipsorum
342 2391 435 2459 armis
455 2391 536 2480 ipsos
555 2404 759 2482 oppugnaret.
793 2389 907 2457 Petirit
923 2391 1017 2480 igitur
1027 2391 1081 2459 itte

99 2538 155 2589 sua
173 2526 354 2604 argumenta
373 2510 516 2585 adsersus
534 2534 603 2593 eos,
622 2534 728 2579 eume
753 2511 896 2580 Patribus
922 2510 1079 2587 Ecclesiae

101 2636 232 2724 aliisque
260 2633 478 2723 scriptoribus,
507 2647 573 2700 turn
593 2633 823 2724 potissimume
844 2632 960 2699 Codice
981 2655 1078 2710 sacro,

147 2738 281 2824 Omnem
312 2755 438 2846 quidem
466 2755 713 2831 monachismum
743 2755 933 2842 improbasse
955 2755 1078 2823 ridetur

101 2878 280 2959 Wicliffus,
308 2877 362 2967 qni
383 2880 414 2943 in
434 2879 617 2952 memoriam
636 2874 744 2949 aetatis
762 2873 959 2962 Apostolicae
974 2876 1078 2955 redire

95 2999 246 3081 amabat,
275 2999 489 3089 libertatisque
506 2995 616 3067 ardore
634 2993 880 3074 incendebatur3
907 2994 960 3061 sed
978 3020 1077 3085 quum

99 3121 381 3190 aMeudicantium
400 3121 523 3191 catervi
542 3141 612 3208 pars
628 3117 750 3204 reliana
769 3114 991 3191 nmmtssun
1012 3118 1078 3192 fere
1134 3117 1137 3123 ’

95 3245 334 3323 obscuraretur,
359 3254 391 3309 et
417 3241 525 3311 fratres
542 3239 675 3307 maxime
693 3235 753 3308 hoc
771 3249 912 3335 'tempore
930 3238 1073 3328 pessimis

100 3378 198 3435 essent
225 3365 383 3444 moribus,
402 3357 605 3426 simulationis
633 3357 767 3426 artificio
785 3358 923 3440 eruditi,
954 3358 1078 3435 nullutn

98 3487 136 3553 ad
167 3487 350 3560 modestiam
378 3494 408 3546 et
426 3480 573 3568 pietatem
593 3494 835 3570 componentes,
852 3503 914 3546 uon
935 3502 1006 3545 nero
1025 3479 1075 3542 in-

29 3616 32 3622 ’
99 3611 226 3701 genium
238 3655 249 3687 ,
263 3603 311 3671 ⁴ita
329 3613 364 3669 ut
384 3600 485 3689 primi
504 3599 605 3667 lronte
625 3599 805 3699 deciperent
823 3600 960 3683 multos,
980 3621 1075 3690 prop·

99 3743 183 3797 terea
197 3729 273 3793 istos
291 3721 472 3812 praesertim
491 3745 646 3817 aggressus
662 3735 721 3790 ests

25 4052 28 4061 Ι
145 3966 255 4054 Neque
273 3963 354 4031 solus
370 3963 528 4034 Wicliffus
546 3962 606 4030 hoc
625 3985 701 4031 aero
720 3984 791 4037 cnm
813 3963 952 4031 universe
981 3962 1095 4033 eteri-'
