2586 4718
480 269 521 331 82

19 507 80 576 que
105 484 198 562 sccii,
219 479 415 569 langhamus
434 478 467 543 in
487 490 644 568 sequestro
663 480 767 568 posuit
785 479 885 548 Aulee
903 484 998 552 redi-

15 620 64 675 tus
75 655 86 687 ,
113 626 190 695 quos
216 601 410 694 potissimam
436 598 532 666 dabat
548 599 686 666 Ecclesia
703 598 942 690 Pagehamensis
960 606 997 672 iu

16 725 150 793 dioecesi
170 721 374 791 cicestrensi:
405 707 497 810 liujus
515 720 666 787 rectoriae
686 720 771 790 enim
789 737 956 812 proventus
974 751 995 794 a
1013 707 1017 716 ⁴

15 868 88 936 rege
116 843 262 910 Eduardo
292 842 364 922 111,
388 839 526 930 ejusdem
548 853 701 931 patrono,
723 841 780 931 qui
798 841 934 924 dicitnr,
960 846 995 912 in

16 964 138 1056 capite,
157 965 293 1030 concessi
308 975 395 1028 erant
410 963 526 1042 dulae,
541 961 574 1027 in
585 960 770 1028 scholarium
781 985 852 1029 usus
862 977 892 1031 et
907 985 997 1030 com·

16 1084 120 1155 moda.
167 1084 247 1151 Turn
276 1096 383 1149 autem
410 1081 569 1151 Wicliffus
586 1080 627 1146 ab
643 1081 886 1173 Archiepiscopo
905 1106 996 1151 sum-

15 1227 102 1272 mum
120 1203 288 1296 appellarit
306 1203 513 1284 Pontificem,
534 1200 697 1270 Urbanum
706 1201 747 1272 V.
770 1202 864 1271 Unde
876 1203 996 1295 liquet,

19 1347 91 1392 eum
111 1324 173 1392 hoc
191 1336 333 1415 tempore
351 1322 508 1413 agnovisse
526 1342 703 1414 supremam
722 1323 881 1390 Pontificis
899 1324 932 1391 in
946 1347 1002 1393 re·

19 1448 78 1514 bns
97 1412 319 1514 Ecclesiasticis
337 1444 555 1513 auctoritatem
574 1458 668 1536 atque
683 1444 942 1534 jurisdictionem.

59 1557 206 1653 Quamvis
233 1564 392 1634 Wicliffus
419 1563 481 1631 hoc
500 1564 559 1631 sibi
580 1585 758 1632 conseruare
775 1587 888 1633 munus
905 1565 999 1634 valde

12 1685 190 1778 cupiverit,
215 1696 319 1752 tomen
338 1696 503 1776 propterea
522 1684 615 1752 nullis
635 1685 757 1752 artibus
776 1707 847 1755 usus
864 1699 911 1753 est
921 1691 935 1768 ,⁸
950 1686 998 1754 ita

15 1820 51 1874 ut
80 1807 113 1872 in
140 1804 274 1872 dubium
294 1803 422 1895 quidem
442 1805 547 1872 vocari
566 1807 632 1894 ejus
650 1800 711 1871 hae
729 1805 763 1871 in
780 1828 818 1872 re
834 1806 998 1895 integritas

15 1940 164 2018 nequent.
220 1926 280 1995 Sin
300 1927 402 1993 minus
415 1928 500 2015 juste
518 1948 609 2015 agere
627 1925 771 1994 voluisset
781 1976 791 2009 ‚
811 1927 998 1996 Pontificem

14 2048 170 2115 arbitrum
197 2046 289 2135 hujus
316 2046 380 2112 litis
397 2068 459 2112 non
479 2046 632 2138 cepisset,
656 2044 710 2114 sed
730 2046 903 2138 Langhami
921 2048 997 2115 eni-

14 2191 103 2234 mam
123 2165 303 2236 omnimode
320 2164 485 2234 studuisset
502 2167 563 2234 sibi
583 2168 761 2238 conciliare.
791 2165 907 2234 Causae
920 2190 996 2236 uero

11 2291 169 2380 aequitate
197 2289 314 2371 fretus,
341 2288 509 2379 tranquille
532 2286 649 2354 exitum
675 2290 873 2380 exspectarit.
924 2290 994 2357 Ur·
1095 2328 1098 2333 <

13 2413 112 2477 banus
131 2408 171 2475 de
190 2429 426 2500 recognoscere
442 2407 534 2497 jussit
550 2405 748 2476 cardinalem
767 2407 991 2499 Andruynum,

12 2553 119 2597 coram
144 2553 207 2620 quo
225 2529 360 2596 Viterbii
380 2529 520 2597 intulit
540 2543 669 2620 egerunt
685 2528 844 2597 Wicliffus
862 2501 990 2619 ejuiquc
1042 2596 1045 2599 .

11 2649 88 2717 socii
117 2671 177 2740 per
202 2660 435 2740 procuratorem
464 2670 553 2714 suum
579 2648 990 2738 RichetdumBangerum,

12 2790 110 2835 unum
130 2791 167 2835 ex
185 2769 305 2836 clericis
324 2769 554 2848 saecularibus,
569 2790 675 2834 recens
685 2790 720 2832 er
732 2767 810 2833 Aule
820 2769 925 2857 ejectis
934 2790 991 2859 per

12 2889 240 2981 Langhamum.
264 2929 309 2942 -
332 2889 427 2956 Idem
451 2888 657 2976 Andruyuus
682 2886 904 2967 Gammake,
929 2888 991 2976 (uti

14 3010 127 3100 legitur
156 3011 188 3077 in
218 3009 364 3077 mandato
385 3010 563 3099 Apostolico
583 3008 635 3095 ¹),
652 3014 759 3097 prout
776 3010 809 3071 ez·
825 3011 942 3075 meltius
960 3020 992 3077 et

15 3133 137 3197 utilius
156 3152 227 3221 pro
254 3138 345 3196 statu
367 3128 454 3195 dicei
476 3128 621 3218 collegii
635 3125 822 3207 videretur,
836 3139 952 3221 posse!
970 3156 994 3198 a

17 3251 108 3317 dicto
130 3249 280 3341 collegio
294 3252 431 3316 clericos
449 3248 615 3313 seculares
637 3271 806 3333 amovere,
826 3252 893 3333 cel,
912 3255 946 3316 si
961 3254 996 3317 ei

15 3375 137 3439 utilius
151 3374 322 3439 videretur
333 3391 403 3460 pro
421 3368 569 3460 Collegzo
584 3377 688 3461 supra
698 3372 786 3440 dicto
794 3422 804 3453 ,
814 3375 993 3464 relegisses

10 3517 120 3586 vcupra
139 3495 248 3560 dictos
264 3493 306 3557 od
320 3495 395 3579 apso
407 3487 557 3580 Collegz'o
566 3540 576 3568 ,
586 3497 788 3559 auctoritate
790 3493 978 3584 praediciti
981 3541 992 3575 ‚

9 3630 194 3694 ·omnuere,·
208 3615 258 3676 ita
274 3608 364 3699 quod
377 3597 509 3712 cinisum
528 3621 560 3676 et
578 3616 682 3679 solum
700 3613 884 3707 Collegium
893 3637 993 3706 regu·

11 3735 141 3800 *lorium
155 3732 208 3796 vel
221 3730 419 3796 secularium
436 3744 637 3815 remuneret,
647 3757 718 3800 mim
719 3746 887 3828 potestate
894 3740 993 3804 etiam
1032 3719 1033 3722 Ἴ

25 3890 117 3901 ι--ι-

43 3987 50 4019 ¹
79 3983 167 4035 ionis.
183 4000 209 4049 p.
227 3983 275 4034 241
296 4002 353 4052 sqq.
375 3991 419 4042 lt0.
438 3990 470 4042 V.
579 3998 602 4033 Ι
