2586 4718
565 295 628 359 262

115 517 282 596 monibus,
304 510 417 582 adhuc
444 511 593 591 serratis,
627 511 844 588 continentur,
873 508 914 574 ab
942 530 979 574 eo
1011 509 1102 575 dicta

116 639 233 706 luerint
266 654 371 702 coram
392 643 483 698 coetu
502 630 749 697 Luterorortano
768 638 796 700 1.
844 626 926 695 Sunt
955 627 1003 692 illi
1031 650 1105 696 om-

115 782 169 829 ncs
191 754 339 848 'Anglice
376 752 566 842 conscripti,
603 764 635 818 et
673 749 808 840 quidem
840 747 998 839 hodieque
1037 768 1107 817 no-

116 881 164 948 bis
203 876 308 966 magni
347 875 463 966 pretii,
503 873 650 964 quoniam
682 870 758 949 hinc
790 873 855 960 ejus
888 869 1103 960 theologiam,

116 1013 148 1066 et
176 997 402 1078 theoreticam,
432 1007 463 1061 et
491 992 686 1084 practicam,
707 992 831 1082 egregie
853 1013 1038 1082 cognoscere
1058 980 1104 1060 li-

116 1130 187 1187 cet:
219 1131 286 1183 tum
311 1139 385 1183 vcro
410 1115 507 1183 etiam
526 1113 587 1180 riri
607 1114 772 1204 ingenium.
787 1113 916 1180 interius
935 1136 971 1179 er
989 1114 1105 1182 iisdem

117 1238 247 1328 intelligi
278 1250 379 1328 potest
397 1245 424 1305 ².
472 1235 511 1302 In
540 1235 731 1301 orationibus
759 1239 852 1302 sacris
876 1235 1036 1304 Wicliffus
1060 1239 1106 1305 sic

117 1372 252 1427 versatus
279 1372 345 1440 est,
377 1369 412 1424 ut
440 1357 505 1424 lere
531 1356 624 1422 unice
648 1368 790 1423 uteretur
809 1354 958 1422 methodo
968 1362 1106 1449 postil-

119 1482 234 1563 lsmds',
255 1503 336 1571 quae
352 1479 468 1547 dicitur
480 1487 513 1561 ³,
530 1495 662 1568 suosque
676 1499 832 1545 sermones
847 1476 888 1543 ad
903 1480 1106 1570 antiquorum

54 1673 56 1678 ,
121 1600 367 1671 Christianorum
394 1601 552 1668 homilias
578 1613 790 1691 componeret.
843 1599 980 1692 Singulis
1008 1599 1106 1692 igitur

119 1722 261 1815 pertibus
284 1722 451 1813 pericopae
472 1720 599 1789 Codicis
619 1720 725 1805 sacri,
743 1738 838 1813 quem
859 1723 1014 1790 uacabat
1024 1771 1036 1805 ,
1056 1724 1108 1792 irr-

120 1857 270 1914 terserere
299 1843 420 1911 solebat
442 1842 680 1935 explicationem
701 1855 732 1910 et
753 1844 982 1921 observationes
993 1892 1004 1926 ,
1025 1863 1109 1936 quse

122 1962 162 2031 ad
182 1963 336 2032 docendos
354 1978 387 2031 et
408 1962 617 2032 emendandos
636 1963 781 2032 homines
797 1977 987 2056 spectarent.
1021 1967 1110 2034 llaec

120 2060 392 2176 sero‘posttttsndi
410 2085 491 2154 ratio
509 2084 614 2152 medio
633 2091 708 2153 aero
728 2107 766 2154 eo
785 2087 883 2175 magis
902 2087 1018 2179 negligi
1036 2107 1111 2156 cce·

120 2202 193 2296 pit,
220 2228 283 2295 quo
312 2207 410 2297 magis
437 2207 578 2276 doctores
607 2205 746 2273 studium
770 2201 924 2277 librorum
948 2228 1110 2277 sacrorum

82 2323 337 2406 [remittebant.
393 2312 526 2395 Saeculo
559 2341 663 2395 tamen
696 2327 775 2395 Xlll
809 2326 985 2397 cardinalis
1016 2330 1111 2422 Ilugo

122 2447 162 2517 de
192 2449 312 2516 Viennis
340 2448 419 2518 adeo
446 2452 480 2516 in
508 2448 569 2516 hoc
596 2473 718 2539 genere.
734 2451 901 2533 excelluit,
922 2465 957 2520 ut
974 2450 1110 2521 Possit-

124 2573 247 2637 latorr's
272 2571 459 2638 authentici
481 2572 609 2638 nominc
629 2573 669 2640 ab
688 2573 872 2663 aequalibus
891 2573 1110 2648 honoraretur.

124 2689 188 2761 Sed
222 2693 356 2761 Wicliffi
383 2701 484 2760 aetate
510 2694 674 2784 ‘menenio
703 2692 939 2762 desuetudinem
966 2696 1113 2766 abierant

127 2813 294 2897 homiliae,
313 2837 483 2904 earumque
500 2815 603 2882 locum
621 2830 864 2906 occupaverant,
881 2813 929 2884 rel
940 2836 1112 2902 sermones,

127 2935 182 3026 qui
210 2936 455 3003 declarationes
483 2936 693 3017 vocabantur,
724 2937 798 3027 quia
828 2946 952 3020 orator,
981 2922 1067 3005 nullo
1094 2960 1114 3006 e

149 3197 167 3257 ..¹
194 3197 252 3248 vid.
271 3211 336 3260 quae
354 3195 418 3247 dixit
435 3195 600 3260 Vanghanus.
635 3193 858 3260 vot.,11.p.22.
897 3186 919 3238 ’.

157 3284 169 3320 ²
198 3283 238 3332 ct.
263 3282 395 3346 Vaughan.
423 3281 480 3331 Vol.
508 3281 544 3332 11.
568 3298 596 3347 p.
617 3280 731 3331 22-36.
753 3279 798 3329 ubi
818 3285 939 3347 excerpta
959 3282 1122 3345 qusednme

191 3363 299 3426 Wicliffi
323 3365 435 3414 homiliis
462 3365 665 3415 communicatae
694 3368 764 3415 sunt.
811 3365 874 3414 Tum
894 3380 998 3429 quoque
1017 3365 1045 3414 in
1064 3381 1121 3432 ope

196 3448 326 3513 Wrtts'ssgs
351 3450 384 3516 of
406 3448 485 3499 John.
506 3448 628 3516 Ws'clrls‘ff
641 3476 677 3497 n-
688 3451 803 3517 prs'oted
817 3452 868 3517 -for
888 3449 929 3500 the
946 3449 1005 3499 [tot.
1038 3449 1124 3501 Trcct

196 3526 254 3584 Soc.
286 3531 371 3582 Loed.
397 3533 550 3599 pulcerrima
574 3551 605 3586 er
625 3522 721 3601 ,iisdem
739 3536 878 3612 specimina
896 3535 956 3587 dete
971 3539 1043 3586 sunt.
1061 3554 1124 3604 pag.

193 3614 339 3667 rec-240.
625 3680 627 3684 .
873 3686 876 3693 Ι
1006 3666 1009 3673 ,
1033 3681 1036 3685 ,

84 3756 85 3759 ¹
162 3705 173 3740 ³
198 3703 266 3752 llaec
293 3701 359 3750 ratio
377 3704 520 3768 exponendi
538 3704 643 3756 uberius
662 3707 734 3757 locos
756 3691 908 3771 quosdame
925 3706 1029 3774 scriptis
1045 3710 1128 3760 sacris

136 3779 143 3857 ,Α
196 3784 233 3836 sie
250 3779 530 3853 dicta.videtur„i1uiu
544 3796 608 3856 post
623 3791 673 3841 etta
689 3790 766 3841 verba
783 3793 1128 3861 pericopsetlodicissacri,

194 3888 270 3936 quam
288 3872 449 3934 tractabant,
469 3890 527 3924 suas
543 3875 735 3939 adjungebant,
753 3875 954 3950 obsprvetiones.
992 3879 1129 3932 Postilla·

195 3962 238 4006 tor
261 3957 338 4009 etiam
353 3958 502 4017 dicebatur,
523 3959 568 4020 qni
584 3957 662 4013 verbu
686 3959 809 4015 librorum
822 3980 963 4031 ⁸tatarorum
989 3979 1042 4026 ec,
1071 3980 1128 4028 quo

195 4042 349 4119 currebant,
368 4045 456 4094 ordine
474 4032 632 4094 dilucidnbat
650 4044 676 4094 in
697 4048 888 4102 commentario.

196 4496 202 4505 ι
