2586 4718
578 327 581 331 ·
654 311 718 376 240

118 577 123 583 .
192 527 274 611 ἔχετε
305 525 367 590 α’πό
396 530 448 606 τῆς
466 523 559 607 ζύμης
578 526 641 591 τῶν
660 526 836 610 Φαρισαίων
856 527 909 589 καὶ
931 527 1179 603 Enttossatoo'os

194 643 320 733 (Matth.
350 644 436 737 XVI.
458 643 520 730 6.),
541 666 579 710 eo
601 664 715 735 nempe
733 646 915 735 proposito,
938 648 1176 736 uindicaret,

190 779 384 858 quantopere
413 741 611 833 iliauoisoani
638 780 670 833 et
699 767 897 834 Dominioaui
925 769 1040 837 similes
1068 786 1176 841 essent

188 887 434 957 Pharisaeorum.
482 887 583 955 Simul
605 886 786 979 deplorabat
808 888 962 978 ignaviam
983 884 1091 957 eorum
1111 891 1177 961 ho·

189 1008 332 1089 minum,
352 1008 424 1098 qui,
443 1030 619 1099 quanquam
636 1007 753 1076 Christi
768 1032 799 1076 se
815 1009 983 1100 discipulos
999 1012 1156 1081 rooabant
1164 1062 1176 1096 ,

164 1133 166 1212 ᾗ
188 1145 275 1195 metu
291 1127 404 1195 doloris
423 1142 475 1195 aut
494 1131 601 1196 mortis
622 1129 819 1196 abstinebant
832 1130 936 1221 palam
957 1131 1059 1197 laoere
1080 1133 1173 1222 reri-

189 1263 285 1318 tatem
304 1250 380 1339 logis
399 1249 534 1343 diuinae.
581 1250 639 1317 His
659 1272 731 1317 vero
750 1252 783 1318 iu
804 1252 986 1318 memoriam
1004 1254 1177 1322 rerooabat

85 1444 90 1455 ,
189 1369 306 1439 chrisa
322 1370 459 1440 dietum:
475 1394 543 1438 »ote
557 1375 667 1437 timete
680 1394 751 1452 eos,
771 1376 831 1463 qui
844 1395 964 1463 corpus
978 1357 1175 1456 trucidant,

188 1496 333 1559 unimam
359 1515 437 1559 vero
464 1493 637 1559 trucidare
664 1502 843 1585 neptteunt;
877 1497 986 1559 timete
1011 1516 1082 1559 eum
1100 1519 1176 1584 po-

187 1618 277 1694 tius,
296 1618 357 1704 qai
369 1636 441 1679 oum
460 1617 623 1695 animam„
639 1622 708 1679 tum
718 1637 854 1706 eorpus,
864 1615 1011 1706 perdere
1012 1623 1129 1705 potest
1139 1620 1179 1681 in

184 1735 340 1826 geheand
348 1740 382 1816 ,'’
407 1756 521 1824 eosque
541 1734 680 1824 erigebat
690 1784 703 1834 ρ
721 1735 748 1800 si
768 1746 951 1801 vorarentur
970 1736 1010 1801 ab
1029 1734 1180 1804 homiui-

188 1856 264 1938 bus,
279 1853 554 1922 commemorando
568 1876 675 1921 curam
691 1855 790 1921 Patris
802 1855 943 1922 eoelestis
951 1877 1158 1946 permagnam
1166 1907 1178 1940 ,

190 1977 246 2067 qui
271 1977 409 2068 capillos.
426 1976 538 2068 eapitis
566 1975 664 2043 nostri
691 1976 724 2041 in
752 1989 914 2056 numerato
943 1975 1061 2058 habet,
1088 1979 1178 2069 apud

189 2119 283 2187 quem
308 2120 348 2163 ue
377 2120 455 2163 unus
484 2095 612 2186 quidem
631 2097 824 2189 passerculos
844 2097 878 2178 in
897 2097 1055 2164 oblivione
1075 2111 1123 2178 est
1147 2109 1177 2180 ¹,

185 2231 217 2285 et
242 2214 402 2284 recitando
427 2217 512 2282 illam
533 2214 651 2284 Christi
670 2217 926 2309 promissionem:
950 2228 977 2284 '>›
987 2221 1175 2310 quicunque

180 2338 478 2431 professusfiseaat
491 2360 605 2404 eoram
620 2338 821 2418 hominibus,
836 2361 886 2403 me
900 2361 972 2404 esse
982 2337 1152 2407 Messium
1160 2392 1172 2423 ‚

185 2461 269 2526 huno
296 2481 419 2549 qnoque
439 2481 474 2525 ae
493 2462 684 2550 cognovisse
701 2456 817 2544 Filius
832 2459 975 2525 hominis
985 2460 1169 2551 profitebi-

190 2591 247 2649 tur
264 2604 376 2648 eoram
396 2579 462 2646 Dei
478 2579 644 2672 Angelis''
658 2587 686 2649 ².

234 2825 284 2909 lta
305 2824 464 2892 Wioliffns
487 2822 622 2890 extremi
640 2821 723 2889 ritae
741 2834 843 2888 aetate
862 2843 935 2888 oum
955 2823 1031 2890 alios
1049 2820 1174 2891 adhor-

189 2950 249 3015 tari
267 2941 407 3032 solebat,
429 2958 462 3011 ut
481 2956 713 3035 perseverarent
730 2944 763 3008 in
783 2943 898 3010 tuenda
917 2944 1046 3011 veritato
1063 2957 1096 3011 et
1114 2969 1176 3012 ae-

190 3093 284 3160 quam
311 3065 535 3147 meminissent
551 3064 644 3131 rebus
672 3065 704 3130 in
735 3063 838 3131 arduis
867 3087 986 3131 serrare
1010 3074 1149 3163 mentem
1163 3116 1175 3147 ,

190 3205 258 3258 tum
275 3203 371 3258 semet
389 3188 492 3279 ipsum
516 3186 607 3253 simul
625 3186 832 3277 praeparabat
850 3185 891 3252 ad
909 3185 1062 3273 dirissima
1077 3209 1178 3278 quae·

138 3296 140 3299 V
191 3334 252 3402 que
273 3310 396 3401 fortiter
416 3305 641 3399 perpetienda,
666 3307 692 3373 si
711 3307 777 3397 ipsi.
792 3309 880 3376 triste
899 3308 1028 3374 instaret
1046 3306 1173 3390 fatnm3
1217 3310 1222 3319 ‘

191 3431 276 3525 quod
303 3433 475 3498 luculenter
501 3430 597 3497 etiam
627 3440 755 3520 apparet
785 3452 821 3496 er
846 3430 1038 3497 orationibus
1056 3429 1151 3498 saeris
1162 3479 1176 3512 ,

106 3620 109 3622 .
194 3616 531 3640 ‚....------

222 3727 233 3760 ¹
259 3723 315 3772 For
339 3721 401 3770 titus
424 3717 483 3785 (ait)
509 3713 607 3771 absolsi
625 3722 686 3787 tlsey
706 3723 784 3772 leores
803 3727 830 3771 lo
846 3721 964 3784 believe,
985 3723 1046 3774 tlsut
1061 3726 1181 3794 nothing

258 3821 343 3856 eomes
367 3805 484 3855 witlant
501 3806 545 3856 tn
563 3807 714 3871 knowladqo
732 3807 789 3855 aad
806 3806 849 3856 laia
865 3809 1028 3874 ornaturam,
1049 3809 1107 3860 asad
1121 3811 1183 3861 tlsut

256 3893 280 3942 it
297 3893 322 3940 is
340 3891 378 3941 ull
391 3892 440 3958 for
456 3892 499 3941 tlte
516 3891 580 3944 beat.

55 4034 59 4046 ⁴
168 3997 173 4002 ·
198 3978 232 4013 -2
259 3978 309 4028 lis.
334 3976 451 4040 Anglioe.
476 3977 514 4041 *cs
535 3977 564 4025 G.
588 3977 617 4027 C.
637 3976 756 4030 Cantaba.
778 3979 813 4031 ol.
835 3978 967 4042 Vaughan.
986 3980 1044 4034 vol.
1063 3980 1100 4030 11.
1120 3997 1180 4047 pag.

257 4062 413 4122 leo-202,
434 4065 503 4126 etp.
524 4060 585 4111 385.
