2586 4718
665 315 726 378 176

204 549 273 596 reus
314 540 346 594 et
383 523 593 615 usurpandum
623 504 714 592 Claro
741 525 864 593 tradens
882 536 909 597 ¹.
956 528 1078 618 Interea
1107 552 1188 603 vero

200 648 346 716 monachi
372 645 584 714 Mendicantes
611 644 755 712 deliranti
776 647 931 713 Ecclesiae
949 648 1162 721 subvenerunt
1174 701 1187 736 ,

200 783 294 860 atque
322 772 354 835 in
382 766 527 835 tollendis
546 767 800 849 difficultatibus,
825 770 939 858 quibus
958 769 1099 837 doctrina
1120 775 1186 842 ista

199 906 265 959 erat
293 873 466 981 implicita,
501 890 571 956 satis
612 887 769 972 sudarunt.
841 891 1010 957 Hominum
1046 907 1182 983 captum

205 1012 392 1093 excedebat,
424 1012 544 1077 mutata
569 1011 616 1076 rei
643 1008 994 1092 natura,nihi10minus
1014 1034 1051 1077 ea
1068 1035 1183 1080 rema-

198 1158 297 1219 nere,
325 1156 404 1224 qnae
429 1130 468 1223 ad
488 1133 573 1198 illam
591 1132 747 1223 pertinent
760 1154 903 1222 ,apanem
925 1147 957 1200 et
976 1134 1081 1198 rinum
1100 1157 1182 1202 mu-

199 1260 259 1327 tari
277 1259 311 1323 in
329 1276 454 1321 carnem
475 1266 506 1320 et
524 1252 722 1342 sauguinem,
742 1273 843 1342 neque
861 1232 1109 1336 tamensensus,
1126 1258 1182 1323 ri-

108 1435 113 1443 ,
198 1401 264 1446 sum
285 1391 317 1444 et
334 1387 479 1466 gustum,
499 1372 591 1462 hujus
609 1373 655 1437 rei
674 1371 794 1463 aliquid
812 1374 987 1464 percipere.
1018 1374 1092 1441 Jam
1108 1400 1183 1446 mo·

196 1499 289 1566 nacbi
318 1497 390 1580 itti,
423 1516 566 1562 sensuum
590 1493 712 1583 judicio
739 1519 794 1561 nos
822 1495 887 1561 falli
904 1519 992 1585 posse
1012 1497 1178 1582 dieentes,
1274 1548 1277 1553 -

196 1643 263 1688 rem
299 1622 457 1703 ὑπερφυῶς
488 1614 640 1704 explicare
676 1614 853 1687 studebant.
911 1615 948 1682 ld
973 1639 1081 1683 rerum
1111 1642 1180 1686 esse

195 1738 461 1836 pronuntiabant,
491 1736 644 1801 occidens
668 1739 739 1800 sebe
761 1738 948 1803 substantia
969 1761 1039 1804 esse
1053 1762 1200 1826 posse,·

196 1863 229 1930 id
249 1876 294 1930 est
304 1912 314 1943 ,
334 1859 409 1924 fieri·
423 1880 527 1950 posse,
552 1871 604 1937 ut,
629 1856 815 1924 sublateret
833 1860 942 1925 naturai
964 1859 1179 1950 (substantii),

122 2027 124 2030 -
195 1983 401 2077 proprietates
438 1977 638 2068 (accidentia)
668 1981 755 2068 ejus,
788 1978 845 2044 sub
874 2001 978 2046 sensus
1006 1979 1155 2048 cadentes
1167 2033 1179 2064 ,
1213 2043 1218 2051 ,
1278 1979 1282 1989 ’

99 2179 101 2182 ,
193 2115 360 2172 maneant:
387 2103 421 2166 in
439 2100 545 2188 quiris
564 2121 637 2186 ergo
662 2099 870 2166 celebratione
893 2100 1077 2166 sacramenti
1095 2102 1177 2168 alta-

193 2228 236 2294 ris
263 2220 466 2292 substantiam
485 2218 574 2308 panis
598 2236 654 2309 per
677 2217 885 2309 prodigiosam
905 2214 1077 2288 sacerdotis
1091 2244 1175 2290 eon-

173 2347 395 2416 ‘sacrationem
426 2338 542 2406 mutari
576 2341 610 2404 in
639 2338 842 2424 substantiam
870 2344 1006 2433 corporis
1033 2340 1177 2427 Gbristi,

194 2465 389 2536 manentibus
409 2459 651 2552 proprietatibus
670 2463 770 2550 panis.
800 2463 935 2553 Populus
954 2478 1079 2544 autem,
1103 2487 1178 2532 me·
1246 2544 1248 2548 ι

194 2585 337 2655 dilationi
369 2582 545 2670 relinquere
585 2582 711 2670 negotia
748 2605 809 2648 non
840 2584 968 2665 solitus,
999 2607 1177 2676 parumque

193 2710 282 2804 pensi
308 2704 425 2771 babens
436 2749 447 2780 ,
480 2713 529 2765 an'
549 2701 649 2767 sensui
673 2704 833 2770 communi
854 2703 914 2770 boc
935 2703 1173 2789 adversaretur,
1230 2776 1239 2795 ‚

193 2830 297 2923 potius
329 2822 516 2913 stupefactus
553 2820 604 2886 illd
634 2824 775 2910 mysterii
811 2825 1196 2896 Transsubstautiationis
1281 2852 1282 2857 ¹

195 2947 431 3043 explanatione,
456 2943 507 3034 pie
526 2943 709 3035 plerumque
734 2945 829 3010 fidem
856 2946 965 3014 babuit
984 2949 1173 3040 praestigia-

189 3073 309 3147 toribus
326 3065 509 3134 Pontificiis.

236 3189 346 3263 Prouti
373 3209 476 3253 reram
507 3197 538 3251 et
558 3185 731 3275 simplicem
752 3187 1039 3278 interpretationem
1056 3191 1173 3258 verbo·

192 3338 284 3393 rum,
309 3311 422 3402 quibus
441 3305 581 3373 Christus
600 3307 632 3371 in
649 3305 708 3371 hoc
724 3307 913 3403 instituendo
932 3312 996 3377 ritu
1014 3324 1085 3377 usus
1103 3323 1169 3392 est,

194 3435 303 3503 sensim
333 3431 456 3497 missam
484 3429 621 3494 fecerant
643 3425 784 3493 homines
796 3476 808 3510 ,
840 3429 934 3519 inque
964 3432 1024 3498 illis
1043 3433 1171 3521 mystici

163 3612 504 3635 .--—-—-----

222 3727 232 3762 1
256 3722 415 3775 Vocabulum
440 3719 523 3780 illud,
543 3718 699 3770 substantiae
718 3721 921 3774 immutationem
937 3725 1101 3791 significans,
1118 3725 1176 3790 pri·
1216 3707 1218 3712 ¹

254 3826 322 3859 mum
342 3804 455 3854 occurrit
474 3802 541 3868 apud
558 3804 732 3854 Hildebertum
756 3805 787 3855 de
806 3807 959 3871 berardino,
979 3808 1100 3874 Arebiep·
1122 3811 1177 3858 Tu-

253 3908 403 3948 ronensem‚
426 3887 454 3951 (†
477 3887 566 3954 1134),
585 3894 612 3938 et
629 3888 705 3940 verbo
727 3893 984 3945 transsubstantiare
994 3895 1101 3960 primum
1112 3909 1176 3945 usna

254 3993 308 4028 ease
325 3976 418 4023 dieitur
436 3972 594 4038 Stephanus,
614 3975 697 4040 Epioe.
719 3976 897 4040 augustoduni
918 3976 1104 4044 (trra-1129).
1133 3980 1173 4032 of.

255 4061 376 4112 Gieseler.
396 4050 454 4107 Vol.
473 4058 510 4109 11.
525 4059 556 4111 Ρ.
576 4056 613 4109 11.
632 4075 659 4126 p.
680 4059 742 4116 431.
756 4057 817 4117 aot.
836 4079 859 4111 a.
957 4094 961 4101 ι
