2586 4718
597 295 660 389 su

120 543 186 608 lum
213 559 336 607 omnem
367 533 555 625 impendisse
576 556 724 626 opernm,
751 549 893 629 tempus,
919 551 948 605 et
970 562 1097 623 curum,

69 699 70 702 =
120 656 297 728 disserendo
309 709 319 740 ,
332 653 508 731 scribeudo
519 704 530 737 ,
554 654 787 738 concionando,
812 657 851 723 ad
871 659 1099 730 emendandam

119 782 289 849 Ecclesiam
322 778 527 868 duplicanam
556 789 649 867 atque
671 776 902 846 uindicandum
933 783 1100 872 imperium

118 904 209 970 ciuile
227 902 268 967 ab
286 897 488 965 Hierarchiae
508 896 560 978 vi;
582 920 684 988 neque
703 897 1099 991 minuspervulgatumest,
1171 994 1175 1000 ι

116 1024 219 1116 plures
247 1021 308 1087 hoc
334 1020 401 1111 ipso
422 1017 542 1084 saeculo
562 1018 598 1094 in,
614 998 727 1109 Augila
738 1068 749 1100 ,
766 1023 907 1087 ‚manime
927 1045 962 1087 er
983 1023 1100 1089 Parlia·

117 1144 215 1209 menti
242 1141 455 1222 senatoribus,
481 1138 565 1205 idem
599 1139 678 1206 illud
697 1127 821 1231 ersequi
842 1141 934 1208 fuisse
949 1155 1096 1223 conatos:

118 1275 268 1352 quatenus
307 1282 379 1328 vero
418 1258 530 1325 horum
552 1253 730 1327 ‘conatibus
762 1258 942 1350 adjumento
985 1263 1101 1331 fuerint

116 1380 251 1466 Wicliffi
280 1369 404 1461 studia,
433 1392 528 1471 atque
556 1382 734 1476 conjunctis¹
755 1380 872 1448 uiribus
891 1382 938 1447 illi
958 1383 1101 1472 egerint,
1167 1378 1170 1385 ’

109 1502 255 1569 iudicatu
284 1501 412 1593 difficile
441 1524 533 1592 saepe
552 1500 703 1581 est,·imo
727 1524 800 1568 vero
812 1549 823 1583 ,
849 1501 883 1567 id
902 1502 1004 1569 ubivis
1021 1504 1102 1571 relle

111 1625 278 1723 'explanare
290 1674 316 1705 „
333 1646 382 1690 res
407 1599 572 1690 temeraria
597 1620 730 1689 subinde
754 1622 847 1692 loret.
896 1622 1024 1708 Etenim
1044 1627 1103 1693 riri

113 1744 348 1836 praestantiores
368 1757 400 1811 et
420 1742 581 1826 efficaces,
602 1744 636 1808 in
654 1742 907 1817 homiuumluce
927 1760 1101 1830 versantes,

60 1923 62 1932 Α
112 1863 197 1931 haud
216 1887 286 1932 raro
297 1914 308 1949 ,
332 1864 392 1954 ipsi
412 1864 533 1943 nescii,
557 1864 621 1929 rim
642 1876 783 1953 exserant
802 1865 835 1928 in
854 1864 998 1953 aequales
1020 1889 1101 1936 suos.

107 1985 258 2053 ,Attamen
288 1986 314 2050 si
344 2007 449 2051 rerum
473 1986 535 2064 sit,
560 1985 657 2051 Ducis
677 1983 876 2047 Leucastriae
896 1986 991 2072 operi
1009 1985 1100 2052 clan—
1238 2018 1244 2026 ·

110 2105 231 2172 destini
259 2105 377 2169 factum
400 2124 481 2181 esse,
508 2114 543 2167 ut
560 2100 804 2168 Parliamentum
819 2101 984 2187 libellum,
1005 2106 1099 2176 modo
1189 2149 1192 2152 ·

113 2223 275 2290 laudatum
287 2251 304 2303 ,’
316 2223 384 2313 regi
403 2218 586 2299 tradiderit,
613 2233 709 2312 atque
734 2221 760 2288 si
788 2221 849 2290 hoc
866 2225 934 2314 jam
959 2239 1101 2320 tempore

105 2342 335 2416 illustrissimus
362 2343 432 2410 Dux
459 2341 717 2419 cousuetudinem
738 2365 811 2408 cum
830 2343 973 2411 Wicliffo
988 2349 1101 2437 junxe-

110 2464 173 2545 rit,
198 2464 343 2555 explicari
363 2464 499 2531 fortassis
519 2463 616 2552 possit
635 2462 715 2527 mira
735 2460 907 2531 similitudo
926 2470 1100 2538 sententiae

73 2593 76 2596 ’
111 2585 314 2651 Parliamenti
337 2597 370 2651 et
384 2583 525 2679 *Wicliffi
544 2583 584 2648 de
601 2582 825 2653 Ecclesiastieis
844 2585 985 2656 erce'udis
1002 2613 1020 2655 a
1038 2613 1098 2680 ge-

109 2702 217 2772 rundis
244 2705 427 2772 muneribus
453 2703 608 2773 civilibus.
657 2703 820 2770 Praeterea
839 2705 864 2771 si
885 2722 1038 2777 constaret
1057 2711 1097 2780 de

111 2837 274 2916 tempore,
293 2849 355 2914 quo
374 2825 407 2893 in
427 2827 529 2892 lucem
547 2823 632 2892 edita
650 2825 777 2899 fuerunt
797 2807 911 2918 scripta
939 2830 992 2897 illa
1020 2833 1098 2901 Wi-

107 2946 207 3029 cliffi,
231 2946 396 3036 inquibus
422 2946 500 3046 haec
528 2945 700 3013 similitudo
728 2947 1091 3037 opinionum'eernitur,

107 3068 173 3135 reri
192 3068 287 3135 etiam
302 3068 402 3136 multo
417 3066 547 3134 similior
563 3068 653 3133 fieret
668 3067 976 3156 nostra'conjecture.
1006 3072 1091 3156 Quo-

107 3191 290 3279 tiesounque
326 3189 411 3254 enirn
444 3175 603 3255 Wicliffus
637 3186 676 3251 de
703 3183 765 3252 boc
793 3187 857 3275 agit
886 3205 1090 3277 argumento,

107 3310 222 3377 multus
243 3332 307 3377 esse
325 3311 414 3380 solet.
456 3307 639 3388 statuebat,
658 3299 816 3371 adversari
837 3308 969 3375 naturali
988 3311 1090 3384 officio

107 3430 312 3510 clericorum,
347 3452 410 3503 eos,
430 3429 600 3496 honoribus
631 3439 661 3493 et
691 3425 872 3492 muneribus
900 3428 933 3492 in
962 3431 1089 3502 ciuitate

105 3549 215 3639 iungi,
248 3565 290 3644 et
306 3551 367 3618 hoc
387 3540 585 3645 *contrarium
605 3570 669 3615 esse
688 3547 1088 3645 Apostolorumipsiusque

106 3647 224 3739 Christi
251 3650 443 3754 euirnciatis,
477 3691 580 3760 neque
608 3670 734 3737 Petrum
756 3669 913 3763 Ecclesiae
927 3672 987 3740 niti
1008 3698 1087 3743 auc-

30 3881 36 3886 ·
104 3791 241 3860 toritate.
291 3788 546 3880 conquerebatur
582 3791 677 3880 igitur
714 3812 955 3880 saepenumero,
994 3794 1083 3879 illos,

98 3894 160 4001 ⁴qui
176 3924 301 3977 coctum
321 3908 533 4005 Christianum
551 3910 662 3978 docere
678 3916 709 3976 et
724 3895 890 3978 ¹'admouere
902 3924 997 4002 atque
1011 3937 1099 4005 gre,

106 4031 152 4119 gis
171 4056 234 4102 esse
254 4030 328 4101 boni
349 4045 486 4122 pastores
502 4032 679 4116 debebant,
700 4031 833 4123 turpiter
854 4032 994 4101 deserere
1012 4036 1084 4103 offi-
