2586 4718
554 326 615 391 221

99 548 137 612 tis
167 543 316 610 invidiam
343 541 515 609 conflarent
537 538 621 631 apud
646 560 750 630 regam
771 552 802 609 et
819 541 950 613 nobiles.
992 543 1074 610 llinc
1118 578 1119 583 κ

99 687 223 756 quoque
250 665 316 755 regi
345 662 561 743 affirmabant,
590 673 626 727 ut
663 684 754 753 supra
785 663 852 752 jam
884 662 1016 732 diximus
1035 675 1071 747 ¹,

99 784 282 852 seditionem
308 754 491 851 rusticorum
515 795 546 849 et
564 781 768 882 plebeculae,
789 805 868 873 quae
885 805 966 853 anno
988 789 1071 854 1381

99 906 255 987 obtinuit,
284 898 475 972 concitatam*
502 924 565 969 esse
591 901 727 970 Wicliffi
756 901 919 986 doctrinis,
943 922 974 970 'a
1001 905 1073 972 Lol·
1162 906 1165 923 ⁴

98 1025 193 1092 lerdis
230 1049 287 1116 per
324 1025 474 1117 populum
512 1026 693 1114 propagati.
747 1025 791 1093 Ut
818 1040 920 1093 autem
948 1039 1076 1117 pateat,

98 1146 275 1213 Wieliffum
309 1149 436 1236 ejusque
464 1146 567 1212 socios
602 1146 735 1213 insontes
764 1146 856 1213 fuisse
882 1148 1076 1238 turpissimae

90 1263 190 1356 *hujus
215 1242 319 1333 rerum
345 1265 587 1357 perturbationis
616 1267 794 1357 civiumque
811 1268 1076 1358 sanguinis,.tunc

101 1387 210 1469 effusi,
240 1411 295 1478 age
307 1435 319 1469 ,
350 1388 405 1478 qui
433 1407 482 1452 res
511 1409 574 1453 sese
593 1386 759 1470 habuerit,
779 1388 885 1480 paucis
904 1388 1078 1460 rideamus.

101 1507 190 1593 Quod
217 1515 324 1574 autem'
347 1510 532 1597 investigare
556 1512 660 1600 magni
681 1532 746 1576 esse
766 1511 916 1576 momenti
936 1511 1006 1578 ideo
1026 1513 1078 1578 vi-

99 1627 207 1708 detur,
239 1629 387 1718 quoniam
418 1629 522 1718 plures
554 1632 718 1721 scriptores
748 1653 814 1697 rem
843 1633 887 1699 sic
916 1631 1076 1722 dijudica-

99 1761 194 1829 runt,
219 1762 313 1839 atque
334 1748 411 1816 adeo
430 1750 615 1838 primarium
636 1753 723 1818 istius
741 1753 991 1820 tumultuationis
1009 1777 1079 1820 sua·

100 1891 198 1936 sorem
218 1853 439 1960 auctoremque
455 1871 589 1938 Wietiffi
604 1872 698 1938 fuisse
712 1872 829 1940 socium
845 1886 877 1939 et
891 1872 1079 1963 discipulum
1137 1906 1138 1910 ¹

99 1988 254 2059 dixerunt.

147 2233 297 2315 Scilicet,
323 2233 377 2323 qui
396 2255 483 2322 agros
502 2234 646 2301 colebant
663 2232 724 2299 illis
744 2232 960 2323 temporibus,
979 2236 1081 2302 servili

104 2366 192 2421 erant
215 2354 405 2426 conditione.
453 2326 678 2422 Erardcscente
697 2368 800 2420 autem
819 2354 853 2418 in
869 2354 993 2443 populis
1012 2355 1080 2421 Eu-

99 2476 219 2566 ropaeis
246 2477 398 2542 libertatis
429 2475 562 2557 ardore,
592 2473 712 2542 taeduit
741 2474 870 2541 rusticos
889 2474 1078 2566 intimaeque
1174 2472 1191 2555 ſs

54 2615 56 2617 ’
100 2594 285 2663 conditionis
309 2594 450 2663 homines
474 2595 628 2663 servitutis
652 2608 683 2661 et
703 2594 928 2685 oppressionis,
949 2597 1010 2686 qui
1028 2610 1080 2663 te-

1 2758 2 2762 =
100 2718 254 2784 nebantur
289 2741 307 2782 a
340 2717 556 2786 nobilioribus.
613 2716 699 2782 llaec
729 2712 913 2782 rusticorum
940 2716 1080 2786 conditio

100 2838 254 2929 imprimis
281 2838 409 2905 molesta
436 2850 510 2905 tuno
537 2838 570 2902 in
599 2837 713 2928 anglia
744 2837 838 2903 fuisse
855 2834 999 2920 ridetur,
1024 2839 1079 2905 ubi

98 2959 217 3026 nobiles
243 2958 327 3024 laute
354 2958 579 3049 opulenterque
599 2958 766 3038 virebant,
791 2980 888 3047 quum
906 2959 953 3023 illi
973 2971 1079 3025 contra
1132 3039 1134 3042 ι

60 3171 64 3176 Δ
97 3103 221 3170 gravem
241 3080 441 3170 perferebant
461 3091 687 3167 paupertatem.
729 3077 963 3143 Murmurabant
984 3078 1079 3168 igitur

97 3214 191 3290 atque
220 3199 410 3289 emancipari
437 3197 618 3287 cupiebant.
668 3194 756 3281 Quod
777 3195 929 3263 libertatis
949 3195 1077 3263 deside-

100 3322 181 3387 rium
204 3321 431 3412 promovebant
453 3307 672 3392 ririnonnulli
691 3290 810 3383 factiosi
820 3364 832 3397 ,
850 3316 993 3384 seditiosa
1013 3318 1077 3388 dis·

101 3454 244 3511 serentes.
292 3442 345 3511 Sic
373 3440 534 3533 presbyter
562 3437 691 3529 quidam
719 3422 921 3528 eprovincii
950 3437 1076 3524 Gantii,
1122 3457 1125 3459 ’

99 3557 257 3626 Johannes
276 3562 405 3628 Balaeus
424 3555 541 3640 dictus,
562 3560 594 3624 in
613 3540 704 3625 ratiis
723 3557 797 3626 locis
815 3573 919 3626 coram
937 3561 1076 3628 confinxi

99 3679 301 3748 multitudine
329 3683 509 3774 frequenter
537 3679 576 3746 de
604 3660 944 3749 hominum“‘tibartare
969 3696 1000 3748 et
1014 3705 1075 3748 ae·

101 3800 251 3892 qualitate
280 3804 459 3870 concionari
479 3802 614 3885 solebat,
633 3814 666 3869 ut
683 3801 833 3894 populum
853 3802 995 3874 adversus
1012 3827 1077 3894 po·

105 3983 295 3995 ....-.--,-.-ν-
301 3983 323 3989 ..-
328 3982 376 3991 1—-

130 4073 139 4108 t
157 4089 183 4138 p.
208 4070 266 4125 194.
