2586 4718
530 329 614 439 ,sss

96 550 207 629 cessit,
234 541 320 637 quod
349 540 448 614 multi
470 538 552 608 bene
574 539 824 632 perspiciebant,
848 541 963 631 Papam
984 541 1071 610 Are·
1183 539 1185 543 ’

96 669 277 736 nicaensem
304 664 366 731 illis
395 662 583 752 temporibus
613 660 749 752 pendere
777 660 843 727 fere
863 678 976 729 anuto
994 663 1074 754 regis

96 790 225 860 Galliae.
282 789 370 854 'l’onc
403 804 529 875 quoque
561 781 815 877 diminuebantur
841 780 968 849 divitiae
995 783 1075 851 sedis

97 909 316 1002 Apostolicae3
354 906 430 973 hinc
457 926 529 990 gero
559 903 733 970 exactiones
758 917 790 970 et
819 905 948 971 simonia
960 953 971 985 ,
1014 930 1076 996 quo

96 1031 223 1121 quidem
245 1029 376 1096 crimine
390 1030 456 1118 jam
475 1021 593 1091 dudum
608 1046 639 1090 se
654 1022 879 1097 adstrinxerunt
892 1025 1076 1110 Pontifices,

97 1152 195 1242 magis
229 1150 346 1217 fiebant
371 1148 530 1215 molestae.
576 1145 667 1211 Hanc
694 1158 798 1213 tamen
823 1145 946 1235 culpam
958 1195 969 1227 ,
986 1146 1079 1215 initio

99 1271 324 1352 Pontificatus,
356 1269 460 1335 minus
485 1265 669 1333 commereri
695 1265 776 1332 risus
796 1277 841 1333 est
858 1265 1003 1333 Urbanus
1022 1266 1080 1339 Vl.

28 1433 29 1436 =
98 1393 184 1460 Dum
214 1405 318 1459 autem
343 1388 480 1480 supremi
502 1386 660 1455 Ecclesiae
678 1398 812 1454 rectores
831 1388 897 1454 fere
915 1388 1009 1455 unice
1025 1410 1082 1455 rc·

83 1537 170 1602 ‚rum
206 1512 398 1580 terrestrium
433 1533 539 1576 curam
570 1508 739 1599 gerebant,
768 1521 862 1599 atque
890 1509 1021 1577 ambitio
1051 1524 1083 1580 et

98 1632 280 1702 dominandi
308 1631 408 1700 libido
436 1645 556 1699 mentes
582 1652 690 1697 eorum
720 1630 853 1697 maxime
883 1633 1080 1722 occupabat,
1166 1712 1173 1728 ι

99 1754 176 1843 quid
196 1753 330 1834 mirum,
348 1753 373 1820 si
392 1752 548 1841 religionis
567 1748 762 1819 Christianae
780 1751 831 1818 lux
847 1753 1082 1839 obscuraretur,

98 1874 124 1940 si
140 1874 348 1965 negligeretur
367 1873 466 1939 cultus
485 1871 563 1952 Ilei,
583 1868 729 1958 Clerique
749 1870 888 1939 conditio
908 1875 1032 1940 moralis
1047 1876 1083 1939 in

100 1997 189 2085 pejus
206 1994 336 2060 rueret?
359 1993 458 2075 Quam
473 2003 565 2079 aptae
575 1989 670 2076 igitur
685 1989 811 2055 fuerunt
821 1989 893 2055 illae
907 2004 1085 2082 temporum
1150 1991 1156 2007 ’

99 2115 258 2204 angustiae
279 2111 319 2177 ad
340 2106 588 2176 confirmandum
601 2107 777 2174 Wicliffum
792 2108 825 2175 in
843 2111 897 2176 susi
912 2114 1081 2197 sententiis,

104 2233 276 2299 Ecclesiam
298 2231 424 2295 omnino
441 2251 503 2296 esse
518 2228 767 2297 reformandam!
796 2231 835 2298 Et
856 2231 984 2322 quidem
1003 2233 1086 2303 hanc

106 2350 287 2443 habuerunt
315 2352 348 2416 in
376 2364 514 2417 mentem
548 2352 613 2446 ejus
643 2350 742 2420 rim·
779 2351 905 2438 Etenim
935 2355 1083 2422 continuo

103 2473 267 2564 evulgabat
290 2473 453 2550 libellum,
476 2471 518 2536 de
536 2469 640 2560 Papo
653 2470 824 2553 Romano,
846 2473 909 2539 sire
929 2472 1086 2543 Schisma

101 2595 270 2684 Papam
304 2594 400 2682 inque
424 2591 637 2672 orationibus,
658 2613 762 2657 coram
782 2605 873 2660 coetu
891 2595 1084 2664 Luteroror·

100 2727 175 2782 tano
203 2713 342 2794 habitis,
372 2712 551 2802 frequenter
581 2708 676 2801 hujus
703 2712 750 2778 rei
774 2721 926 2804 'eventurn
946 2741 1085 2786 comme·

101 2834 254 2904 morabot.
292 2833 330 2899 ln
348 2831 446 2903 hoece
463 2832 570 2898 libello
585 2833 761 2916 scribebat,
779 2835 962 2905 Hierarchii
974 2813 1084 2910 contra

38 2939 41 2942 .
102 2969 198 3025 semet
216 2956 314 3046 ipsam
334 2952 454 3032 divisi,
475 2955 742 3045 opportunitatem
762 2959 915 3047 egregiam
937 2983 1001 3027 esse
1025 2961 1085 3028 da-

101 3090 165 3144 tam
198 3072 369 3165 abrogandi
402 3073 474 3140 istas
490 3073 589 3162 .leges
622 3088 654 3141 et
681 3077 918 3145 consuetudines
929 3128 940 3160 ,
970 3082 1085 3171 quibus

105 3195 212 3264 Clesus
231 3216 383 3286 perquam
410 3204 477 3258 erat
500 3177 664 3283 corruptus
689 3207 815 3284 totaque
836 3200 964 3267 societas
980 3200 1088 3272 Chris·

104 3317 187 3383 tiana
216 3315 352 3382 afflicta:
377 3313 532 3380 'evocabat
558 3325 724 3402 propterea
744 3336 832 3404 reges
854 3333 886 3386 et
904 3321 1084 3416 principes,

106 3448 141 3501 ut
158 3436 397 3526 aggrederentur
418 3434 575 3500 Ecclesiae
594 3434 884 3518 reformationema.

135 3640 147 3676 ¹
171 3639 221 3689 1S.
240 3639 267 3688 in
284 3641 348 3694 coll.
366 3644 435 3696 Trio.
457 3643 534 3695 Ilubl.
552 3644 610 3697 vid.
631 3645 764 3710 Vangban.
786 3649 843 3700 vot.
864 3652 900 3701 11.
915 3669 941 3718 p.
962 3655 1041 3706 4-6.

138 3721 151 3757 ²
181 3721 264 3771 Trurt
285 3739 341 3784 ene,
360 3727 461 3790 inquit,
482 3729 514 3777 ιἰι
534 3729 579 3778 tiso
597 3729 658 3794 help
675 3732 709 3784 of
720 3731 833 3792 ‘Cirirtr
845 3737 896 3801 sor
913 3740 946 3786 lte
962 3741 1029 3790 lectis
1049 3743 1092 3791 be.

173 3822 231 3872 qun
255 3807 365 3872 already
390 3818 418 3864 to
442 3814 504 3877 belp
521 3828 555 3862 ιιι
569 3815 742 3880 grneiously,
760 3819 792 3866 ιἰι
811 3821 871 3870 thot
892 3823 923 3872 Ιιι
943 3825 1096 3876 hathelosae

176 3893 222 3943 tire
249 3893 317 3970 bend
341 3897 375 3959 of
395 3895 564 3960 saltatrice,
594 3901 651 3950 ond
673 3903 750 3950 mode
777 3903 821 3952 tlte
848 3912 900 3955 troo
922 3915 1003 3971 ports
1020 3911 1094 3976 figlrt

174 3979 285 4042 eguisset
308 3979 373 4031 caele
396 3983 482 4034 otlrer.
520 3985 573 4035 For
595 3987 620 4034 it
638 3987 664 4035 ιί
682 3994 732 4035 not
749 3988 890 4056 doubtful,
902 3993 973 4042 star
989 3995 1033 4044 tlte
1050 3998 1094 4045 ιίιι

174 4065 209 4128 os
229 4064 274 4115 tie
298 4065 402 4128 Popea,
427 4068 516 4118 colticis
539 4071 605 4122 botis
626 4070 689 4120 been
713 4089 743 4120 so
763 4073 826 4140 long
846 4078 1011 4142 continued,
1030 4081 1095 4132 tort
