2586 4718
555 329 615 397 187

90 559 235 646 propter
259 546 620 613 excommunicationem
638 541 819 624 bominum,
844 553 925 608 sunt·
939 565 1070 610 encom-

99 674 261 738 rnunicati
267 719 278 751 ,
294 678 325 733 ct
339 671 375 733 iu
390 667 446 731 die
450 666 581 754 judicii
598 663 782 730 traditores
791 663 858 732 Dei
863 667 1071 742 babebuutur.

146 794 188 866 V.
211 793 306 860 licet
325 791 435 856 alicui
444 791 545 852 etiam
563 786 703 852 diacono
717 788 965 879 uslpresbytero
966 816 1075 884 prae·

98 915 214 982 clioare
234 915 364 995 uerbum
384 910 471 990 Dei,
495 909 615 998 absque
635 914 833 976 auctom'tatc
851 912 943 977 sedis
960 913 1076 1006 Apos-

100 1037 219 1101 tolicae
235 1036 288 1099 uel
303 1033 469 1122 Episcopi
484 1029 659 1108 catholici,
675 1051 732 1094 seu
746 1031 824 1095 aliai
831 1079 841 1110 ,
858 1031 973 1122 dequoi
985 1038 1075 1129 suffi.

102 1159 227 1221 cienter
245 1161 378 1221 coristet.

28 1262 32 1271 ¹
148 1275 206 1344 vl.
230 1275 353 1342 Nullus
370 1280 419 1339 est
437 1271 588 1337 dominus
607 1272 743 1349 ciuilis,
762 1271 874 1336 nullus
896 1281 947 1337 est
963 1273 1075 1364 Epio..

102 1420 223 1488 copus,
256 1397 368 1461 nullus
397 1400 446 1460 eit
458 1393 656 1493 ‘praelatus
668 1441 678 1471 ,
708 1390 784 1456 dum
811 1400 861 1456 est
889 1395 927 1456 in
939 1404 1079 1483 peccato

99 1492 253 1585 'mortali
326 1590 328 1593 v
634 1510 637 1515 ⁴

112 1688 114 1691 ψ
151 1637 225 1706 VII.
249 1635 389 1702 Domini
414 1635 613 1725 temporales
633 1642 795 1722 possunt,
825 1633 875 1699 ad
899 1635 1082 1701 arbitrium

104 1781 237 1838 eorum,
266 1758 403 1844 auferre
429 1744 524 1821 bona
539 1755 741 1843 temporalia
767 1754 810 1818 ab
827 1755 1085 1823 Ecclesiasticis

104 1879 322 1945 habitualiter
351 1876 638 1966 delinquentibus;
671 1884 703 1940 et
724 1877 909 1966 populares
919 1889 1084 1967 possunt,

105 2001 155 2066 acl
171 2021 281 2065 eorum
300 1998 482 2063 arbitrium
497 1995 646 2060 dominos
660 1993 883 2081 delinquentes
901 2002 1086 2091 corrigere.

152 2118 244 2186 VIII.
268 2114 426 2181 Decimae
453 2121 529 2178 sunt
553 2134 662 2202 purae
680 2114 920 2202 eleemosynae,
941 2126 1088 2208 etparo·

21 2293 23 2298 s
107 2239 223 2303 eliani
235 2242 395 2325 possunt,
402 2242 547 2325 prepter
556 2243 699 2324 peccata
712 2256 846 2301 suorum
867 2235 1084 2326 Caratacum,

106 2380 165 2424 eas
187 2356 353 2436 detinere,
378 2363 410 2422 et
426 2354 476 2422 ad
488 2357 614 2421 libitum
632 2358 717 2422 aliis
734 2358 898 2444 conferre.
920 2359 930 2388 ’·

154 2478 212 2547 ΙΧ.
238 2476 413 2568 Speciales
432 2481 623 2556 orationes,
645 2477 839 2566 applicatae
852 2481 912 2542 uni
919 2500 1088 2569 personae
1157 2465 1160 2475 ¹

100 2620 169 2691 per
187 2597 368 2664 Praelatos
388 2597 441 2662 uel
458 2596 651 2683 religiosos,
670 2617 735 2660 non
746 2597 1085 2687 pluspossunteiclem

104 2742 286 2812 personae,
313 2736 412 2809 quam
440 2720 608 2783 orationes
629 2717 823 2804 generales,
855 2718 999 2788 caeteris
1015 2747 1085 2814 pa·

105 2842 219 2921 ribus,
238 2837 355 2908 eidem'.

153 2961 195 3030 Χ.
219 2959 276 3025 Ilo
303 2962 378 3048 ipso
389 3006 399 3039 ,
426 2958 516 3046 quod
530 2960 657 3048 aliquis
676 2960 871 3046 ingreditur·
889 2927 1087 3055 religionum

100 3085 278 3174 priuatam
306 3086 548 3168 quameunque,
564 3079 718 3143 redditur
737 3083 884 3168 ineptior
902 3093 933 3147 et
951 3084 1089 3179 inlabi.

110 3206 179 3270 lior
196 3201 246 3269 ad
261 3201 500 3266 observantiam
518 3197 750 3262 mandatorum
770 3197 849 3268 Dei.
869 3218 871 3223 '

156 3322 215 3392 XI.
240 3321 380 3400 Sancti,
391 3321 596 3383 instituentes
617 3319 799 3408 religiones
814 3323 972 3409 priuatas
985 3336 1090 3414 'quas-

113 3457 251 3523 cunque,
266 3443 335 3501 tam
343 3435 684 3525 possessimatorum,
701 3426 800 3522 auam
810 3430 1089 3523 Mendicautium,

113 3558 150 3620 in
170 3559 221 3618 sic
238 3554 441 3620 instituendo
450 3561 682 3642 peccauerunt.

161 3673 238 3762 XII.
254 3673 449 3766 Religiosi,
465 3679 606 3740 manetes
625 3677 662 3739 iu
681 3674 900 3767 religionibus
911 3661 1090 3770 priuatis,

112 3819 177 3862 nore
205 3802 282 3860 suut
304 3795 345 3859 de
366 3798 529 3887 religione
552 3795 762 3864 Christiani.
832 3797 963 3886 [Ilrror
974 3806 1090 3890 perni-

112 3917 248 4006 ciosus].
323 4000 326 4003 ‚
674 3922 677 3926 ’

161 4039 253 4109 XIII.
278 4039 424 4107 Fratres
453 4048 602 4133 leuentur
619 4063 687 4128 pet·
705 4041 848 4109 laborem
867 4065 1042 4127 munuum,
1062 4057 1093 4112 et
