2586 4718
470 270 530 330 l'al

11 506 82 550 nem
100 482 328 574 temporalium
339 479 611 570 praeferendam.
644 476 685 546 Et
703 477 795 568 hujus
812 482 860 549 rei
878 504 996 552 exem«
1019 466 1022 471 ⁵

9 607 96 697 plum
115 602 272 670 Christum
291 600 352 667 suis
371 599 490 666 dedisse
509 600 688 691 discipulis,
707 624 800 691 porro
819 605 993 693 probarit,

11 724 136 791 laudato
164 724 234 789 loco
259 742 295 786 er
323 720 491 808 Euangelio
511 719 636 797 Lucae,
660 742 731 810 cap.
751 720 811 791 lx.
835 726 992 798 nl-se.

11 847 92 912 Item
110 865 174 910 esse
192 842 354 922 illicitum,
369 844 505 932 οκιζενο
518 843 717 932 tenporalca
735 845 770 906 in
785 844 992 929 sommam

16 965 112 1034 Cleri
118 985 187 1055 per
203 984 360 1028 oenmras
374 962 632 1026 Ecclesiasticus
640 1009 652 1042 ,
667 965 768 1028 siaul
774 962 995 1054 rinploaundo

12 1087 175 1151 anatum
195 1084 375 1173 potestatis
402 1083 510 1146 anun
521 1130 532 1162 ,
561 1081 693 1171 probare
719 1081 860 1164 studuit,
882 1085 991 1155 amsi·

14 1203 137 1272 codicis
165 1204 241 1270 sacri
262 1204 354 1292 (Luc.
379 1201 484 1271 XXII.
509 1207 551 1268 25
563 1250 573 1282 ,
598 1202 679 1289 26),
697 1205 792 1270 sancti
813 1202 969 1274 bernardi
975 1232 997 1292 ,¹

13 1322 240 1413 Ghryaostomi‚
260 1323 454 1412 aliorumque
473 1324 665 1393 testimoniis.
947 1318 954 1329 ’

58 1444 164 1512 Thesis
190 1444 249 1510 XV
276 1444 341 1532 agit
368 1442 407 1508 de
434 1446 661 1523 sacerdotum,
679 1446 739 1534 qui
753 1448 821 1510 rite
837 1448 913 1541 sunt
931 1472 994 1517 ar·

14 1566 128 1632 dinati
136 1614 146 1646 ,
177 1566 380 1654 aequalitate
405 1573 437 1629 cl
457 1564 547 1654 pari
563 1572 739 1655 potestate.
786 1566 872 1632 llaec
891 1567 1012 1656 igitur

12 1686 162 1753 sententia
181 1685 321 1775 opposita
336 1696 401 1750 erat
420 1685 574 1774 Papumm
590 1682 791 1774 indulgentiis
805 1699 836 1752 ct
849 1688 994 1772 casibus,

12 1808 66 1897 qui
88 1805 292 1884 dicebantur,
313 1805 481 1874 reservatis.

57 1925 94 1993 In
124 1923 203 1992 thesi
229 1924 298 2006 vl‘,
324 1924 421 2008 XVI,
448 1938 479 1993 et
499 1924 590 1993 ΠΗ
601 1975 612 2006 ,
632 1926 811 2016 improbans
829 1926 994 1998 Wicliffua

13 2047 196 2114 sententiam
230 2046 468 2121 Pontificiorum'
501 2045 540 2112 de
574 2018 773 2138 personarum
802 2048 995 2117 derisorum
1055 2125 1059 2133 ¹

14 2181 47 2234 et
75 2169 226 2236 bonorum
254 2168 408 2235 Ecclesiae
435 2167 632 2234 immunitate
661 2191 679 2231 a
706 2180 858 2257 potestate
878 2167 995 2253 cirili,

13 2288 172 2370 definivit,
195 2299 353 2379 quatenus
374 2289 455 2353 laec
469 2289 551 2351 bona
571 2289 700 2378 epsc'que
718 2290 835 2353 clerici
849 2290 908 2353 sub
927 2292 996 2357 aaa·

5 2414 138 2503 perirem
166 2409 381 2499 delubrumque
407 2430 521 2498 regum
549 2415 581 2472 et
600 2389 997 2499 prinmpum'caderenl.

13 2530 139 2598 Scilicet
151 2532 372 2611 ·.asseuerabat,
397 2549 485 2618 posse
507 2550 593 2616 reges
613 2540 643 2593 et
663 2527 805 2594 dominos
821 2528 999 2600 saeculares

15 2652 135 2717 auferre
145 2651 284 2741 legitime
297 2646 454 2714 Ecclesiae
470 2647 550 2713 bona
560 2673 577 2712 a
587 2650 708 2714 clericis
719 2648 996 2738 delinquentibus,

15 2785 108 2862 atque
136 2772 225 2840 bonis
253 2769 313 2835 illis
341 2767 553 2848 abutentibus3
584 2766 667 2857 quod
699 2769 851 2859 probabat
878 2790 897 2834 e
923 2770 999 2863 lege

14 2893 97 2959 civili
113 2907 156 2958 'ct
185 2889 352 2967 canonici,
373 2909 471 2977 exque
492 2886 607 2954 Codice
627 2911 724 2957 sacro.
774 2888 921 2957 Addebat
940 2904 999 2958 ta·

14 3036 105 3083 men:
146 3010 217 3079 Sed
237 3010 324 3074 absit
349 3022 390 3072 eu
418 3010 478 3075 illo
504 3009 671 3089 credere,
686 3010 775 3099 quod
800 3013 999 3080 interdicatis

15 3157 104 3200 meae
130 3135 197 3210 sit,
223 3129 412 3193 saeculares
437 3128 583 3194 demutas
608 3133 700 3195 licite
710 3127 997 3221 posse'aufeaue,

14 3255 267 3346 quandocunque
285 3258 317 3315 et
333 3232 614 3340 quomodocunque
630 3254 822 3330 uoluerunt,¹
840 3251 1001 3320 alauda

14 3377 212 3442 auctoritate
240 3375 304 3437 sud
312 3420 323 3451 ,
351 3372 413 3436 scd
430 3375 556 3460 ametiste
574 3375 774 3438 auctoritate
794 3371 995 3455 Eccleecae',

15 3500 53 3560 in
72 3494 199 3560 cautus
218 3493 377 3580 etformd
393 3494 549 3557 limitetis
563 3493 688 3580 ajune.
736 3492 832 3558 Porro
846 3490 996 3578 dicebat,
1017 3522 1020 3528 ·

15 3615 119 3684 omnin
139 3612 242 3693 bons,
266 3637 344 3704 qnae
363 3614 500 3680 Ecclesia
518 3612 717 3703 possidebat,
735 3613 791 3679 sub
811 3615 896 3680 certi
914 3635 996 3682 con·

16 3735 134 3802 ditione
163 3734 192 3799 ei
220 3757 282 3802 esse
309 3735 421 3801 donata
432 3782 443 3815 ,
471 3743 507 3799 ut
531 3753 643 3820 nempe
663 3733 753 3800 Deus
771 3735 1000 3802 honoraretur
1076 3790 1079 3795 .

16 3862 48 3918 et
81 3853 236 3922 Ecclesia
266 3857 514 3943 aedificaretur.
572 3852 687 3937 Quodsi
716 3853 790 3925 huic
820 3854 1002 3924 conditioni*

15 3995 75 4039 non
92 3978 278 4045 satisfaciant
293 3975 419 4052 clerici,
441 3996 546 4043 terum
566 3972 732 4043 abutantur
752 3974 1006 4056 donationibus,
