2586 4718
632 318 670 378 16

206 533 242 599 ln
252 533 311 597 hac
321 543 425 597 autem
434 530 589 596 haeretici
601 535 766 620 pravitate,
775 525 872 624 'qum
881 535 989 605 dicunt
1000 540 1134 610 Pantili-

158 659 222 735 cii,
240 656 332 721 latius
355 649 495 741 quotidie
515 664 657 742 serpente
667 705 677 737 ,
701 677 762 720 non
780 679 852 723 sane
870 660 1057 729 connivebat
1074 664 1133 730 Ea·

59 774 62 779 ’
159 776 250 842 alesia
268 772 391 840 Latina.
417 772 512 837 Initio
531 775 645 839 saeculi
662 774 760 855 XlII,
777 777 875 865 quum
890 779 1134 852 admodum'nu·

156 897 268 962 morosi
288 895 363 959 facti
381 905 469 958 erant
484 891 635 959 baeretici
649 894 679 959 in
696 896 794 989 plagis
807 899 1004 986 potissimum
1014 904 1132 971 Galliae

154 1015 409 1121 meridionalibus
417 1063 427 1095 ,
448 1014 608 1081 coustituit
622 1014 821 1084 Innocentius
830 1018 880 1086 lll
894 1043 945 1088 eos
955 1024 1132 1114 exstirpare.

154 1138 307 1225 Quocirca
326 1140 390 1226 ejus
404 1139 491 1225 jussu
512 1158 614 1203 sacrae
628 1137 724 1203 veluti
743 1139 954 1229 expeditiones
974 1160 1132 1236 susceptae

153 1272 225 1330 sunt
244 1271 350 1325 contra
369 1256 559 1338 haereticos,
586 1259 781 1348 potissimum
801 1262 983 1354 albigenses
995 1274 1023 1346 ¹,
1043 1264 1132 1331 dein·

152 1382 192 1448 de
209 1381 304 1447 etiam
323 1377 470 1467 reliquos.
527 1377 716 1470 seraeque
734 1382 918 1450 saevissimis
936 1385 1003 1450 istis
1021 1408 1131 1475 perse·

150 1501 349 1580 sationibus,
381 1518 483 1587 neque
503 1495 658 1565 horrendi
675 1501 903 1590 Inquisitione,
928 1525 1023 1592 quarn
1041 1503 1129 1571 dioe-

151 1622 252 1690 cesani
282 1619 418 1711 primum
443 1617 614 1709 Episcopi,
639 1632 708 1686 tum
730 1620 860 1686 infanda
882 1623 1044 1689 atrocitate
1062 1625 1130 1690 Ilo-

149 1743 300 1817 nrinicani
318 1738 464 1806 monachi
479 1752 702 1820 exercuerunt,
718 1740 862 1806 effectum
872 1755 934 1823 est,
945 1755 980 1808 ut
990 1732 1130 1812 haereses
1178 1728 1188 1749 ’

149 1871 383 1934 evanescerent:
401 1861 475 1928 lieet
493 1859 722 1926 haeretieorum
736 1883 884 1929 uumerus
904 1862 1130 1932 diminueretur

149 1978 182 2056 in
199 1984 302 2054 ‘Gallia
319 1980 539 2061 meridionali,
559 1993 662 2047 tamen
681 1981 805 2048 illorum
823 1985 962 2074 placita,
974 1985 1130 2052 Ecclesiae

147 2129 300 2202 perquam
328 2104 442 2200 noxia,
474 2103 565 2191 longe
592 2103 716 2191 lateque
744 2101 855 2171 diffusa
883 2118 954 2172 sunt
982 2129 1039 2196 per
1056 2107 1130 2172 alias

146 2232 288 2320 Europae
305 2224 462 2316 regiones,
480 2221 671 2312 ulteriusque
684 2221 733 2289 his
747 2225 828 2317 ipsis
838 2226 1022 2306 obstaculis,
1032 2248 1130 2316 quau-

147 2370 242 2443 quam
262 2369 346 2413 nunc
365 2344 463 2432 magis
483 2342 676 2410 clandestino
687 2392 697 2424 ,
721 2358 793 2411 sunt
812 2348 1031 2437 proseminata.
1069 2347 1129 2410 Per

147 2486 245 2541 totam
264 2472 329 2535 fere
346 2467 505 2557 Europam
523 2465 667 2532 Latinam
684 2467 787 2534 variae
807 2483 883 2534 tunc
899 2479 999 2530 sectae
1015 2464 1130 2530 ethae-

145 2593 237 2660 retici
257 2586 388 2679 dispersi
407 2587 495 2654 fuere
506 2636 516 2666 ,
540 2609 597 2676 per
615 2587 760 2668 Italiam,
786 2585 941 2665 Galliam,
966 2584 1126 2673 Belgium,

144 2714 287 2804 regiones
306 2707 494 2777 Germaniae
519 2705 743 2801 Cisrhenanas',
764 2703 840 2794 quin
860 2702 1006 2770 Bosniam
1027 2728 1130 2773 versus
1195 2752 1197 2756 f
1238 2747 1240 2751 ν

108 2908 110 2912 ,
143 2849 175 2903 et
184 2832 369 2924 Hispaniam
381 2805 654 2919 septentrionalem
663 2839 690 2897 ².
709 2821 911 2897 Valdensium
923 2826 1044 2890 saeculo
1056 2827 1132 2892 xlv

145 2952 314 3024 multitudo
341 2952 375 3017 iu
402 2952 532 3017 vallibus
554 2950 691 3035 maxime
719 2941 977 3025 Pedemontanis,
1008 2960 1069 3034 quo
1095 2969 1127 3012 se

145 3087 350 3167 receperant,
373 3081 459 3141 tanta
480 3071 583 3138 adhuc
601 3079 684 3143 erat,
709 3076 745 3128 ut
765 3085 845 3131 anno
870 3068 955 3131 1370
974 3065 1150 3152 coloniam,

144 3200 307 3267 mitterent
327 3197 359 3262 in
381 3193 580 3267 Calabriam,
607 3205 687 3275 quae
705 3182 818 3273 perdiu
837 3183 901 3278 illic
919 3184 1038 3256 floruit.

177 3397 259 3528 Quid
271 3435 413 3530 igitnrde
422 3395 765 3497 EcclesiaePontificiae
776 3398 953 3494 conditione
962 3428 1019 3495 sub
1029 3429 1125 3513 finem

140 3561 255 3631 saeculi
274 3557 335 3627 llll
354 3554 393 3645 sit
406 3541 639 3639 judicandum,
657 3547 765 3628 facile,
780 3548 813 3613 ni
824 3549 932 3629 fallor,
947 3572 1030 3615 nunc
1045 3570 1123 3641 pera

174 3705 450 3732 -—---·--

60 3804 62 3808 ’
170 3805 180 3839 1
204 3796 345 3863 oopeflgiua
365 3796 412 3856 Op.
431 3791 500 3876 laud.
521 3792 577 3841 Vol.
598 3791 648 3842 111.
670 3806 728 3857 cap.
752 3791 784 3841 19
804 3795 832 3840 et
850 3806 908 3854 sqq.
931 3791 987 3841 Vol.
1005 3793 1051 3844 IV.
1069 3795 1127 3859 cap.

188 3880 234 3931 127
258 3884 285 3929 et
309 3878 343 3927 32
369 3875 495 3927 uberrime
522 3877 576 3941 egit
603 3875 635 3925 de
661 3876 717 3925 ielis
731 3876 951 3943 *expeditionibus
970 3881 1059 3928 contra
1078 3877 1125 3927 Al·

217 3982 225 4012 r
257 3980 274 4012 n
318 4000 325 4014 .

124 4069 128 4076 ¹
166 4052 176 4084 ²
197 3965 257 4100 lbiblo.
276 3979 406 4100 ⁸(elsiettrler.
425 4046 482 4098 Vol.
502 4047 539 4096 11.
556 4049 587 4096 P.
609 4046 644 4096 ΙΙ,
666 4063 692 4111 p.
712 4043 916 4110 sol-azotu.
938 4046 987 4096 Ill.
1009 4061 1034 4112 p.
1062 4044 1127 4096 265.
