2586 4718
572 337 637 397 135<

110 544 150 612 dc
171 545 236 613 riro
259 565 426 635 generoso,
449 544 535 632 eujus
554 543 722 610 sententiae
739 544 844 612 multia
862 543 984 635 plaeere
1002 569 1090 613 eoe·-·

110 678 239 758 perant,
270 664 421 744 sollicita,
451 663 658 731 circumdedit
687 663 800 746 aedes3
830 688 899 756 pars
929 666 1080 756 quaedam

108 786 138 851 ri
168 786 258 851 irruit
277 785 311 849 iu
329 785 429 874 ipsum
449 783 575 865 locum,
593 784 648 850 ubi
667 784 799 851 Praelati
818 783 986 866 sedebant,
1005 807 1078 852 rer-

109 907 211 995 baque
229 906 344 971 iaciens
362 903 553 970 intercedere
567 927 624 994 pro
640 904 798 985 Wicliffo,
817 918 929 995 atque,
949 908 1076 995 quomi-

107 1049 164 1095 nus
178 1048 226 1092 res
243 1047 334 1116 porro
349 1037 508 1116 ageretur,
523 1023 669 1091 cohibere
684 1023 813 1097 studuit.
835 1024 967 1115 Insuper
976 1025 1079 1116 Eques

107 1144 282 1212 Ludoricus
310 1142 485 1211 Gliffordius
512 1144 679 1215 ,concilium
709 1143 834 1209 intrarit
846 1189 857 1222 ,
886 1143 1079 1234 delegatusa
1115 1147 1117 1152 ’

106 1263 268 1344 domnus,
297 1265 376 1354 regis
404 1279 521 1346 matre,
547 1265 633 1353 cujus
656 1264 782 1330 nornine
797 1264 894 1330 vetuit
910 1265 1079 1356 Episcopus

105 1382 260 1475 judicium
285 1382 324 1449 de
343 1383 482 1450 Wieliffo
501 1382 654 1453 habere1.
702 1383 781 1449 Tum
800 1383 902 1450 nuntii
920 1382 1011 1474 hujus
1030 1387 1079 1453 in·

107 1504 312 1583 terdictione,
340 1517 405 1570 turn
435 1484 607 1595 irruptione
633 1504 787 1594 minisque
812 1503 1078 1590 Londinensium,

106 1637 168 1691 tam
196 1625 328 1715 perculsi
359 1638 429 1690 suut
450 1625 619 1716 Episcopi,
642 1626 697 1714 qui
715 1625 807 1715 poulo
825 1637 896 1691 unte
915 1624 954 1691 de
973 1648 1079 1696 severo

90 1757 200 1834 ¹utque
231 1743 387 1834 intrepido
415 1745 519 1811 animo
539 1767 570 1811 se
593 1745 670 1813 adeo
683 1747 895 1836 jactaverant,
914 1756 951 1811 ut
962 1793 973 1827 ,
993 1747 1078 1836 quod

107 1868 151 1931 ait
168 1865 438 1956 Walsinghemus,
457 1868 579 1932 molliti
597 1870 664 1931 sritt
678 1888 842 1932 sermones
856 1888 967 1935 eorum
981 1890 1081 1956 super

108 1989 232 2068 oleum,
259 2023 304 2040 -
329 1995 360 2052 et
383 1991 452 2076 ipsi
460 1989 556 2074 faeti
571 1987 659 2049 velut
677 1985 770 2049 homo
789 2007 851 2049 non
869 1984 1032 2064 audiens,
1049 1995 1082 2051 et

105 2131 170 2174 noer
188 2109 309 2172 habene
328 2110 364 2168 ie
381 2126 440 2169 ore
457 2127 516 2169 suo
536 2104 802 2196 redargutiones.
848 2102 968 2170 Iterum
985 2105 1080 2196 igitur

106 2226 268 2292 incolumis
295 2224 392 2291 erasit
419 2223 586 2294 Wicliffus.
620 2224 731 2315 Neque
755 2225 848 2291 etiam
868 2246 974 2292 coram
992 2226 1078 2292 Pon·

106 2346 192 2414 tifiee
225 2344 372 2434 Gregorio
402 2344 447 2412 xl
476 2366 508 2410 se
537 2345 643 2412 sistere
670 2345 793 2436 potuit,
823 2368 999 2436 quanquam
1027 2346 1080 2414 ille

100 2468 233 2556 jusserat
261 2487 331 2530 eum
361 2487 393 2530 se
422 2464 531 2545 adire,
558 2465 808 2554 »ubieunque
833 2472 908 2531 tuno
934 2488 993 2533 nor
1010 2487 1081 2532 esse

102 2573 315 2677 contigerat?
346 2583 470 2650 Etenim
494 2583 545 2650 die
566 2588 607 2650 27
628 2584 734 2652 Martii
753 2588 840 2653 1378
859 2585 974 2653 essin
992 2587 1076 2678 Papa

102 2708 297 2795 migraverat.

145 2943 289 3014 Narravit
324 2960 416 3033 porro
430 2924 724 3032 3Walsinghamus‚
758 2941 818 3007 hec
853 2945 1072 3034 opportunita-

99 3079 132 3135 te
151 3063 313 3132 tradidisse
339 3061 516 3130 Wicliffum
547 3064 678 3128 concilio
697 3062 911 3129 Ecclesiastico
931 3064 1072 3132 libellum

100 3186 276 3279 quendam,
310 3183 539 3252 Conclusiones
559 3204 639 3246 suas
662 3204 734 3246 eum
760 3186 969 3272 responsione
986 3188 1068 3263 sue,

100 3308 133 3373 in
171 3329 232 3396 quo
270 3303 408 3394 exposuit
443 3299 628 3379 sententias,
661 3321 760 3388 quae,
793 3312 939 3389 tanquam
975 3322 1069 3385 suae,

98 3428 290 3492 transmissae
327 3435 414 3490 eraut
452 3421 491 3486 od
528 3402 733 3501 Pontificem3
771 3441 864 3508 quarn
900 3422 1070 3510 expositio-

95 3567 170 3637 nem
202 3560 376 3635 postquam¹
398 3539 664 3630 Walsiughemus·
681 3538 854 3606 Annalibus
891 3542 951 3607 suis
980 3542 1067 3609 inse·

97 3666 204 3745 ruit²‚
228 3664 272 3728 ita
291 3664 410 3753 pergit:
442 3660 546 3728 »Hoc
563 3659 674 3725 eodem
692 3659 786 3726 modo
806 3661 892 3749 idem
908 3665 1068 3752 versipel-

99 3788 143 3854 lis
161 3784 198 3856 J.
219 3783 278 3851 W
272 3785 395 3873 uelites,
405 3781 556 3876 ponendo
568 3781 763 3847 intellectum
777 3785 814 3846 iro
829 3786 899 3848 suis
914 3783 1070 3872 offendes

130 4032 140 4070 1
164 4025 348 4094 warengum.
370 4042 398 4092 p.
416 4024 476 4077 aot.
496 4029 558 4067 ,ι
584 4044 610 4094 ρ.
629 4004 777 4077 ao'e-ms
883 4086 886 4092 ,
