2586 4718
579 320 581 327 ·
668 299 729 360 174

205 512 379 580 doctrinam
405 506 446 574 de
473 504 667 576 Eucharistiai
689 508 889 598 interpretari
916 512 1101 599 aequalibus
1118 517 1185 585 suis

202 632 368 700 studebant
392 627 562 696 secundum
592 626 710 695 Christi
727 641 758 694 et
778 630 996 718 Apostolorum
1014 636 1179 721 mentem,

160 803 163 810 -
202 752 393 821 Christianos
422 749 571 816 inducere
596 749 753 816 nitebatur
782 751 960 819 Paschasius
979 753 1181 840 Radbertus,

198 874 367 943 monachus
395 887 427 940 et
445 872 486 937 ab
505 893 586 938 anno
605 877 671 939 844
690 872 797 940 Abbas
819 870 1031 964 corbejensis,
1052 891 1087 945 ut
1108 863 1180 948 cre?

200 996 309 1062 darent
320 1042 332 1076 ,
363 995 397 1060 in
423 992 485 1062 hoc
505 1005 714 1073 sacramento,
734 1007 803 1084 post
823 996 912 1085 panis
932 1009 963 1063 et
981 996 1046 1063 sini
1063 1021 1179 1068 conss-

199 1121 390 1199 crationem,
418 1116 498 1183 nibil
523 1117 652 1183 istorum
678 1138 838 1185 remanere
856 1117 915 1183 nisi
935 1129 1092 1184 externam
1112 1121 1179 1187 for-

85 1309 89 1319 ,
182 1263 303 1321 1111111,
324 1239 378 1307 sed
398 1237 479 1304 inibi
496 1235 654 1304 Christum
664 1240 888 1325 corporaliter
899 1261 970 1304 scre
978 1253 1176 1328 praesentem

197 1385 272 1431 esse.
320 1361 365 1428 Es
394 1359 573 1426 adversariis
592 1358 684 1448 hujus
702 1361 873 1427 sententiae
889 1359 1047 1427 lohannes
1063 1361 1178 1432 Scotus
1251 1393 1254 1397 ·

195 1485 374 1573 Erigena¹‚
394 1480 524 1569 Angliac
543 1483 647 1552 lumen
667 1494 699 1545 et
717 1481 796 1571 regis
815 1480 935 1548 Alfrcdi
952 1483 1087 1565 amicus,
1101 1508 1178 1552 sane

194 1602 279 1671 haud
307 1602 367 1668 fuit
395 1600 648 1669 contemnendus.
706 1601 768 1668 Hic
797 1602 880 1667 enim
905 1615 1075 1669 monstrum
1095 1604 1177 1687 illud

189 1721 572 1801 'Transsubstantiaticnim
591 1743 808 1811 permagnam
827 1722 971 1814 Europae
986 1724 1176 1798 continentis

191 1860 321 1943 partem*
340 1865 542 1936 proserpens,
568 1842 609 1908 ab
630 1843 727 1908 insulis
744 1842 926 1908 Britanniae
946 1844 1085 1933 propulit
1103 1845 1175 1911 for·

193 1970 278 2037 titer.
312 1967 422 2056 Neque
442 1963 555 2030 deinde
575 1962 686 2053 dogma
706 1961 789 2029 istud
809 1964 1012 2054 amplexatam
1032 1986 1174 2054 unquam

192 2089 286 2154 fuisse
305 2087 476 2153 Ecclesiam
496 2084 820 2173 duplo-Saxonicum,
844 2085 926 2151 clare
943 2085 1079 2176 probant
1093 2087 1176 2154 tel-

190 2209 263 2275 frici
291 2208 428 2297 scripta,
456 2205 602 2272 monachi
634 2205 854 2287 literatissimi,
889 2207 944 2295 qui
974 2208 1095 2275 messala
1124 2208 1172 2276 XI
1253 2275 1257 2280 .

158 2326 160 2331 ⁴
189 2329 266 2396 aare
285 2328 325 2418 (†
347 2327 444 2416 1051)
470 2334 498 2394 2.

161 2594 164 2605 '
219 2598 230 2636 t
252 2598 348 2647 Nomen
368 2595 460 2659 inclyti
477 2594 556 2658 hujus
574 2592 689 2657 theologi
709 2597 736 2644 et
752 2594 899 2661 philosophi
918 2594 947 2658 (†
966 2600 1025 2660 post
1040 2592 1106 2663 877)
1123 2598 1176 2649 furt

253 2681 406 2732 Jotannss:
425 2695 503 2742 quum
518 2682 604 2728 autem
619 2678 697 2742 vulgo
710 2679 818 2728 addatur
835 2679 930 2728 dectus
946 2681 1080 2747 Eriperes,
1099 2683 1177 2734 valde

252 2763 383 2832 probabile
399 2768 454 2822 est,
474 2766 560 2811 natum
579 2778 637 2812 eum
655 2764 732 2813 fuisse
746 2765 773 2814 in
790 2764 910 2815 Hiberniai
924 2783 938 2814 e
954 2766 1033 2832 stirpe
1051 2767 1171 2830 scotica,

254 2864 320 2913 quse
341 2844 386 2897 diu
405 2847 459 2896 illic
477 2851 517 2895 est
533 2851 641 2899 murata.
675 2846 821 2896 Vocabatur
837 2848 917 2910 igitur
933 2848 1006 2899 dobes
1024 2848 1177 2900 111111111-

254 2935 320 2984 burst
343 2931 520 2982 8111.ο1’.11.
539 2933 656 2995 Scames,
681 2933 737 2982 Tiso
747 2934 944 3000 Assyla-Sason
955 2935 1071 2988 01111111.
1091 2936 1175 2988 nand.

252 3022 327 3072 1835.
347 3037 375 3086 p.
396 3019 444 3068 155
460 3034 517 3081 sqq.

215 3105 227 3142 ²
250 3105 335 3156 Abbas
351 3104 401 3152 fnit
416 3107 443 3152 et
459 3104 607 3168 Episcopus.
651 3104 686 3152 lix
706 3103 807 3170 seriptis
826 3106 899 3170 ejus,
930 3118 995 3170 quas
1024 3104 1174 3157 etiamnunc

181 3224 184 3229 -
248 3192 399 3256 supersunt,
417 3188 552 3236 laudantur
570 3189 714 3252 cumplures
727 3191 867 3250 homiliae,
886 3191 974 3254 lingui
992 3191 1173 3255 Angla-Saxo·

250 3275 309 3324 niori
333 3273 508 3338 conscriptae,
532 3273 652 3337 imprimis
670 3273 773 3324 humilia
794 3276 940 3336 Paschalis,
961 3280 989 3324 et
1005 3265 1173 3337 binseinsn.

248 3374 293 3424 per
322 3356 462 3423 epistolae,
488 3355 568 3404 altera
595 3357 680 3421 Episc.
710 3357 899 3410 Shirburniensi
924 3361 1063 3410 Wulisinis
1089 3359 1171 3423 data,

250 3440 369 3503 Arcbiep.
389 3438 541 3488 Eborueensi
560 3440 696 3491 Wolstsnc
712 3442 809 3500 altera,
825 3460 856 3493 ex
874 3445 967 3508 quibus
985 3444 1051 3495 effici
1067 3447 1172 3509 potest,

249 3525 387 3592 baltricum
414 3523 508 3590 placila
533 3526 663 3575 listramni
690 3527 723 3576 da
746 3527 906 3578 Eucharistid
929 3517 1090 3595 potissimum
1113 3545 1172 3580 esse

248 3613 399 3678 professum.
444 3608 501 3659 vid.
527 3607 559 3657 de
582 3610 714 3671 Aelsricn,
744 3596 780 3663 H,
804 3612 921 3672 Scnme's,
953 3631 996 3680 op.
1018 3611 1088 3664 laud.
1108 3629 1170 3680 pag.

247 3699 300 3749 218
317 3725 351 3737 -
367 3697 440 3755 236„
467 3690 572 3757 qui'de
588 3695 693 3745 bomilid
710 3696 819 3760 quisdam
834 3696 942 3747 Aelirici
956 3698 1112 3748 mentionem
1128 3698 1172 3748 fa·
1228 3730 1232 3734 -

249 3785 335 3841 ciens,
363 3781 416 3829 ait:
447 3778 511 3827 Tuis
538 3782 647 3830 sacient
677 3783 795 3846 tonsile,
824 3783 980 3849 therefore,
1002 3785 1108 3833 tudetes
1126 3785 1175 3834 tiss

249 3880 320 3916 seme
338 3864 459 3913 doctrine
478 3879 508 3912 as
529 3865 572 3914 tire
590 3866 734 3916 catechism
749 3853 841 3932 uftire
858 3869 995 3931 reformes!
1014 3869 1122 3928 Cburcb
1140 3872 1179 3937 ⁰f

200 3945 202 3953 ’
249 3950 381 4016 1311911111.
419 3946 595 4000 1111111111
622 3951 698 4000 terro
719 3952 779 4001 thot
796 3955 869 4002 »tte
887 3954 954 4018 body
973 3955 1029 4002 and
1044 3955 1122 4004 blood
1138 3957 1177 4022 ef

248 4035 342 4085 curtat
363 4048 409 4084 urs
430 4033 516 4099 serilp
540 4038 596 4087 oud
621 4037 719 4087 indeed
743 4037 823 4089 rates
842 4041 898 4088 aad
916 4039 1040 4090 received
1057 4039 1094 4102 by
1114 4040 1172 4090 tiss
