2586 4718
621 343 683 404 195

159 580 225 647 apso
242 554 336 633 dato,
357 565 496 619 constare
516 553 595 617 inter
615 556 720 618 omnes
737 551 837 633 dixit,
857 576 914 644 per
933 556 1030 622 varias
1044 556 1139 624 hodie

157 676 330 769 provincias
349 686 380 740 et
405 674 497 740 urbes
516 675 621 762 sagari
639 673 803 755 homines,
822 674 946 742 indutos
964 679 1139 745 vestimenti

158 819 269 888 genere
297 796 470 886 peculiari,
499 816 705 884 magnamque
734 817 808 884 prae
838 817 869 861 se
895 797 1029 863 ferentes
1047 821 1139 865 sanc-

157 918 300 996 titatem,
337 917 392 1004 qui
427 915 493 981 sine
525 915 711 980 auctoritate
748 914 926 995 Ecclesiae,
959 917 1153 1007 ubicunque

155 1036 249 1103 modo
279 1035 385 1102 aderat
417 1035 581 1101 hominurn
611 1033 801 1123 multitudo,
829 1039 1091 1105 concionabantur
1110 1055 1141 1107 et
1249 1091 1253 1096 ·

158 1159 324 1225 sententias
353 1157 580 1246 divulgabant,
609 1180 706 1245 quas,
737 1169 844 1246 utpote
863 1156 1057 1239 haereticas,
1078 1184 1142 1225 nu·

159 1281 296 1370 perrime
323 1278 523 1345 damnaverat
551 1278 683 1367 synodus
711 1278 935 1349 Londinensis:
960 1293 1143 1370 atqueeos·

158 1400 229 1465 dem
247 1423 391 1491 spargere
406 1400 523 1466 semina
541 1397 714 1465 discordiae
731 1400 811 1464 inter
827 1400 1023 1489 magistratus
1037 1403 1142 1470 civiles

157 1536 188 1589 et
207 1523 459 1602 Ecclesiasticos‚
479 1522 667 1611 plebemque
687 1516 730 1585 ‘ad
760 1519 945 1587 seditionem
977 1522 1142 1588 sollicitare

159 1643 347 1712 affirmabat.
396 1644 547 1728 Quocirca
575 1641 758 1707 mandatum
777 1641 950 1723 edebatur,
970 1656 1005 1710 ut
1024 1647 1144 1733 magis-

157 1778 253 1831 tratus
288 1765 492 1854 provinciales
520 1762 690 1852 (Sderaffs)
726 1742 832 1830 omne's
865 1765 937 1830 istos
972 1762 1144 1833 haereticos

159 1908 330 1974 eorumque
343 1887 489 1952 lautores
508 1898 655 1974 caperent
674 1896 706 1949 et
725 1885 757 1948 in
777 1883 916 1974 custodia
934 1899 1144 1966 asservarent,

158 2007 256 2073 donec
277 2008 360 2072 certa
380 2007 429 2070 sia
449 2019 480 2069 et
497 2005 618 2068 ratione
642 2015 739 2068 semet
754 2004 834 2091 ipsos
849 2016 973 2069 sauctae
989 2004 1165 2084 ecclesiae,

160 2125 379 2215 purgassent¹.
428 2121 510 2187 Illud
530 2120 713 2188 mandatum
734 2123 883 2189 insertum
904 2137 950 2191 est
969 2126 1146 2194 collectioni

160 2257 368 2323 statutorum,
390 2265 468 2332 quae
484 2241 544 2309 hoc
567 2265 650 2309 anno
669 2242 752 2309 edita
773 2257 842 2310 sunt
857 2255 894 2326 ²3
917 2258 1076 2331 attamen,
1093 2271 1146 2314 as·

74 2374 76 2380 '
161 2386 261 2430 sensos
279 2387 344 2431 esse
363 2365 513 2431 Dominos
534 2365 704 2430 saeculares
720 2379 750 2432 et
772 2363 961 2432 Communes
983 2367 1095 2455 (Lords
1114 2382 1146 2436 et

162 2484 341 2572 Commoris)
378 2485 419 2564 a'd
454 2483 613 2575 ejusmodi·
640 2485 823 2552 mandatum
855 2475 1144 2577 pronuntiandum,

161 2607 244 2693 nulla
275 2607 312 2671 fit
338 2606 473 2676 mentio,
516 2604 634 2672 Contra
662 2628 734 2672 vero
762 2607 795 2671 in
815 2608 1023 2676 Parliamento
1040 2614 1147 2702 proxi·

157 2750 209 2793 me
238 2728 380 2817 sequenti
410 2727 466 2814 (19
491 2727 799 2816 Novembris1382)
826 2727 1023 2798 declararunt
1049 2731 1145 2799 Gom·

157 2870 287 2929 munes,
317 2848 380 2914 sibi
408 2846 447 2913 de
475 2846 572 2914 hocce
592 2847 740 2914 mandato
758 2862 866 2916 contra
887 2851 1059 2920 haereticos
1080 2879 1142 2921 non

159 2970 342 3037 convenisse
353 2967 426 3035 cuni
445 2991 534 3058 rege,
554 2967 608 3035 sed
624 2971 690 3035 sine
703 2971 842 3060 ipsorum
858 2992 1007 3038 consensu
1024 2973 1056 3037 id
1073 2975 1144 3040 fac·

159 3105 227 3157 tum
248 3090 324 3161 esse.
372 3091 533 3180 Rogarunt
552 3088 692 3168 idcirco,
713 3103 747 3154 ut
774 3103 922 3156 statutum
943 3091 1003 3159 hoo
1023 3093 1145 3161 rescinss·

159 3210 285 3278 deretur
298 3205 317 3294 ,'
337 3233 436 3302 quum
466 3210 526 3276 sibi
554 3232 712 3298 nunquam
741 3212 991 3299 proposuissent,
1011 3196 1066 3279 'rel
1090 3239 1143 3301 se,

158 3333 207 3396 rel
234 3345 361 3422 nepotes
390 3356 481 3412 suos,
503 3331 681 3398 auctoritati
700 3331 926 3421 Episcoporum
940 3336 1047 3424 'magis
1065 3340 1142 3405 sub·

161 3450 307 3532 mittere,
344 3477 438 3541 quarn
475 3454 612 3520 fecerant
642 3453 772 3542 majores
803 3455 960 3544 superiore
989 3469 1143 3549 tempore.

161 3569 228 3658 Rex
252 3593 283 3636 se
309 3571 347 3638 iis
365 3578 436 3642 satis
456 3597 519 3669 esse
538 3575 694 3640 facturum
713 3572 811 3645 dixit:
834 3575 887 3642 sed
908 3579 956 3644 rel
975 3578 1019 3646 sio
1040 3593 1144 3649 tamen

172 3745 493 3761 v—-———--—-

162 3853 164 3857 ’
192 3829 202 3867 ¹
224 3827 360 3892 Vaughan.
379 3824 442 3880 vot
457 3831 493 3882 ll.
513 3848 539 3898 p.
558 3832 593 3881 80
613 3847 655 3895 oq.

159 3934 161 3939 ·
189 3916 202 3952 ²
222 3914 362 3976 Postquam
379 3913 434 3962 soil.
455 3915 619 3966 parliamenti·
635 3917 759 3966 sessiones
777 3917 895 3967 dimissae
906 3920 997 3977 eruut,
1009 3934 1039 3967 ex
1054 3917 1149 3973 riberti·

225 4002 252 4048 et
276 3997 422 4063 responsio,
440 3996 471 4047 ud
488 3996 632 4060 basonus,
652 3999 871 4067 componebantur
887 4001 1010 4068 deinceps
1027 3997 1146 4070 statuta,

225 4098 293 4146 quae
301 4083 409 4148 singulis
419 4083 493 4133 annis
503 4084 528 4133 iu
539 4084 647 4137 codiee·
656 4087 780 4138 Actorum
791 4081 952 4153 publicorum
961 4082 1147 4143 reserebantur.
1250 4129 1253 4132 >

932 4189 985 4232 1³*
