2586 4718
655 292 717 358 102

203 507 369 587 umentis,
396 503 504 592 nugis,
532 500 615 568 falsis
641 499 852 589 contortisque
872 501 1194 590 interpretationibus

203 628 480 705 contaminabant,
499 622 742 710 efficacitateque
764 621 974 688 destituebant
990 622 1168 692 sacerdotes
1175 635 1193 708 '‚

204 751 461 828 Pharisaeorum,
476 745 608 812 culicem
624 742 863 834 percolautium,
878 743 1032 809 camelum
1044 766 1118 810 vero
1127 747 1193 812 ab·

206 871 421 949 sorbentium,
459 863 593 947 similes}
627 864 675 930 rel
703 862 782 930 adeo
810 863 928 954 stupidi
950 862 1123 946 hierant,
1154 879 1193 934 ut

70 1024 73 1034 ¹
203 992 316 1061 decem
348 991 400 1056 illa
428 1000 592 1080 praecepta
622 986 776 1053 nescirent
795 985 867 1076 ipsi.
915 985 983 1052 Hac
1002 985 1042 1050 dc
1060 1007 1095 1050 re
1112 987 1195 1053 Wi-

205 1113 306 1181 cliffus
325 1112 421 1177 etiam
439 1110 472 1175 in
490 1109 613 1198 scriptis
630 1109 692 1174 suis
710 1120 835 1196 questus
854 1119 901 1174 eet
918 1116 951 1189 ¹3
973 1129 1010 1173 ac
1028 1107 1195 1198 praeclare

134 1213 1193 1326 ,Qmfflfflmfflmffifflmm

204 1354 326 1423 eximiis
344 1351 523 1432 mandatis,
546 1348 762 1442 superstructis
782 1349 986 1416 fundamento
1005 1353 1070 1440 ejus
1089 1352 1192 1444 legis,

207 1497 287 1565 quae
307 1463 412 1541 auimo
431 1473 563 1563 cujusvis
580 1472 717 1539 bominis
737 1484 782 1538 est
801 1471 910 1551 insita,
928 1474 1076 1563 cujusque
1095 1473 1192 1540 effata

207 1595 363 1683 legislator
380 1594 569 1661 Israeliticus
589 1593 832 1660 accommodarit
850 1592 1083 1674 tautummodo,
1107 1617 1193 1661 anc-

207 1716 333 1785 toritate
363 1714 492 1794 divina,
525 1713 624 1780 indoli
651 1714 750 1803 gentis
775 1735 846 1779 suae
866 1713 1099 1803 temporisque,
1125 1738 1193 1805 quo

205 1836 305 1918 vixit,
323 1835 449 1908 rationi.
499 1833 652 1926 Cupiose,
669 1834 826 1914 dilucide,
845 1847 876 1900 et
887 1808 1104 1900 convenienter
1115 1858 1192 1903 curn

209 1955 349 2024 doctrinis
372 1953 548 2022 Christiani
574 1957 726 2046 explicare
747 1953 866 2022 studuit
887 1954 1004 2036 officia,
1031 1979 1108 2045 quae
1128 1955 1190 2024 ho·

206 2099 260 2142 mo
281 2099 352 2167 erga
373 2077 498 2156 Deum,
517 2089 686 2143 creatorem
706 2100 814 2157 suum,
834 2090 865 2142 et
881 2099 953 2165 erga
967 2089 1095 2142 naturae
1113 2098 1193 2146 snae

207 2199 304 2265 socios
326 2209 482 2287 praestare
508 2197 622 2268 debet:
649 2200 744 2286 inque
765 2197 802 2261 iis
823 2197 1032 2285 explicandis,
1057 2210 1190 2267 testante

210 2316 401 2407 laughauo,
420 2315 533 2385 diserte
553 2317 715 2384 admonuit
732 2316 774 2381 dc
795 2318 974 2383 excellentiis
991 2332 1021 2385 ct
1038 2325 1191 2410 perpetui

203 2440 397 2527 obligatione
425 2440 502 2527 legis
530 2441 678 2512 moralis,
710 2449 807 2526 atque
831 2450 990 2527 praeterea
1011 2439 1190 2529 degeneris

209 2558 336 2624 humaui
359 2560 581 2649 perversitate,
602 2557 641 2622 de
660 2558 914 2625 reconciliatione
935 2581 991 2649 pcr
1012 2558 1201 2643 Christum,

160 2667 163 2674 ⁴
211 2679 251 2746 dc
270 2693 469 2771 peccatorum
478 2677 789 2766 remissiouc,deque
798 2681 915 2768 gratiae
925 2679 1047 2746 divinae
1057 2683 1172 2756 auxilio
1179 2735 1191 2766 ,
1277 2729 1279 2733 ψ

210 2799 380 2868 admodum
407 2799 577 2868 necessario
604 2797 644 2863 ad
672 2798 932 2888 supervenieudas
956 2803 1140 2868 tentationes
1158 2816 1192 2871 et

211 2923 447 2990 connectendam
463 2920 683 2996 sanctitatem.
732 2919 885 3011 Oportere
903 2919 1065 3003 homines,
1088 2922 1192 3003 dicit,
1224 2913 1227 2920 ’

245 3169 312 3218 ¹Gl'.
336 3166 425 3215 lewis.
453 3179 479 3227 p.
502 3153 545 3212 3‘8.
583 3163 651 3211 llaec
678 3161 884 3227 presbyterorum
911 3164 1048 3214 multorum
1075 3165 1199 3229 ignorun-

278 3254 315 3302 tia
336 3251 442 3315 apparet
465 3262 568 3310 quoque
595 3262 625 3295 ex
652 3248 797 3307 seniendi,
825 3263 900 3311 quam
917 3250 1111 3311 pronuntiavit,
1132 3266 1202 3300 tnnc
1265 3257 1269 3266 “

280 3336 375 3394 1361,.
393 3335 420 3382 in
448 3332 544 3396 synodo
560 3331 680 3394 'quadum
708 3333 793 3380 Simon
821 3332 996 3394 banghamns,
1025 3338 1088 3382 tnnc
1115 3333 1201 3384 adlruc

238 3431 241 3440 '
278 3418 362 3485 Epire.
388 3416 513 3467 Eliensiss
534 3415 603 3480 Quia
619 3416 678 3478 (ait)
706 3419 764 3465 eine
782 3415 909 3479 Deculoqs'
925 3415 1110 3466 observatione
1126 3418 1204 3468 sulus

280 3489 435 3554 ultimarum¹
452 3518 507 3550 non
522 3503 661 3560 consistit,
682 3501 873 3557 exhortamur,
894 3499 925 3544 irs
946 3497 1062 3556 Domino
1076 3501 1203 3565 firmiter·

278 3589 472 3652 injungentes,
500 3592 529 3633 ut
552 3586 738 3649 unusquisque
754 3589 849 3646 pastor
867 3581 1022 3630 animarum
1043 3591 1068 3632 et
1086 3585 1201 3648 quilibet

282 3671 405 3721 sacerdot
426 3672 629 3735 parochiarum,
643 3671 713 3717 sciui
733 3667 911 3728 Decumum,
931 3667 953 3716 i.
974 3683 995 3714 e.
1016 3670 1104 3717 decem
1120 3685 1202 3719 mass·

186 3745 191 3754 ’
280 3757 345 3805 datu
371 3755 437 3820 lepis
465 3753 618 3816 Mosuicu05'
643 3754 857 3814 eademquesuo
881 3753 982 3815 populo
1005 3754 1123 3818 subjecto
1137 3757 1202 3821 sre-

280 3845 393 3904 qnsrrier
413 3843 552 3905 praedicet
577 3845 602 3886 et
629 3841 752 3900 exponar.
789 3835 846 3885 Vid.
868 3837 945 3887 llenr.
965 3838 1106 3898 Whnrtun,
1127 3838 1200 3890 Auc-

279 3928 380 3976 tarium
403 3927 472 3976 lttsn
496 3925 591 3986 Doum-
617 3922 673 3972 Jec.
700 3920 793 3970 Uenerii
817 3922 850 3970 ale
871 3921 1025 3985 scripturis
1050 3931 1076 3973 st
1105 3924 1200 3976 Sacris

279 4012 441 4063 vernaculis.
470 4008 550 4064 hond,
572 4006 647 4056 1690.
668 4021 695 4072 p.
715 4004 775 4054 432.
876 4040 880 4047 ,
