2586 4718
566 337 629 398 229

98 555 171 632 bat,
202 551 262 641 qud
293 571 426 615 summos
455 548 572 615 solebat
590 547 646 614 illd
673 559 772 614 aetate
799 547 941 616 doctores
960 552 992 614 in
1013 566 1080 619 trs*

97 652 198 740 dendsl
227 671 399 759 theologici
424 668 591 759 disciplinis
611 670 772 740 aemulari.
820 671 980 763 Quaenam
1003 674 1080 741 exis-

97 795 222 862 timaret
249 802 318 859 esse'
336 791 438 858 officia
459 789 622 857 doctorum
644 802 675 856 et
696 789 869 883 antistitum
889 793 921 858 in
942 793 1081 861 Ecclesia

98 912 274 982 Christiania
286 964 299 996 ,
323 911 473 979 indicarit
499 911 532 977 in
557 910 700 1001 pluribus
720 912 863 1002 scriptis,
883 914 1081 1004 potissimum

97 1059 168 1104 sero
197 1037 231 1102 in
261 1036 320 1118 iis,
351 1056 431 1125 quae
458 1032 518 1099 has
546 1033 629 1100 ritae
656 1040 759 1099 aetate
777 1033 810 1097 in
829 1033 932 1100 lueem
953 1035 1079 1118 emisit,

97 1179 230 1248 nempe:
275 1155 328 1246 Of
354 1156 532 1235 ProlatcS,
573 1155 637 1220 sire
669 1152 708 1220 de
737 1153 885 1220 Praelatis
911 1167 943 1233 et
973 1176 1080 1223 eorum

100 1278 223 1358 officio,
254 1276 309 1367 ¹Of
336 1277 391 1342 she
421 1276 521 1342 order
540 1275 819 1365 ofPrs'estlsood,
844 1274 908 1340 sive
928 1272 968 1340 de
986 1277 1082 1344 oleri-

100 1421 207 1465 oorum
227 1396 446 1478 ordinatione,
466 1409 518 1476 et,
538 1393 632 1462 How
651 1395 706 1460 tte
725 1395 815 1486 rrfficc
835 1396 878 1484 of
892 1393 1034 1463 Curetes
1054 1400 1084 1461 s's

100 1520 265 1586 ordusised
288 1520 331 1608 of
347 1517 441 1599 God,
466 1518 530 1583 sive
549 1515 588 1583 de
610 1521 652 1582 33
673 1516 829 1583 erroribus
851 1512 1040 1583 (iuratorum
1058 1525 1084 1586 ¹.

97 1640 135 1706 ln
153 1639 238 1706 hisce
252 1638 430 1718 Wicliffus,
449 1637 590 1705 universe
610 1637 794 1704 clericorum
816 1658 935 1704 errores
956 1651 988 1704 et
1007 1636 1084 1704 ritis
1164 1691 1171 1700 ,

99 1759 280 1827 detestanda
301 1781 473 1851 exponens,
494 1781 666 1850 eorumque
680 1758 829 1826 damnans
843 1760 1086 1849 negligentiam,

99 1903 134 1947 er
161 1882 222 1971 qud
249 1879 426 1971 gravissima
439 1929 449 1961 ,
481 1893 545 1946 tam
574 1881 680 1957 laicis,
710 1902 805 1970 quam
835 1879 932 1969 ipsis,
956 1903 1087 1946 enasce-

100 2002 214 2068 bantur
241 2002 322 2066 mala
333 2049 344 2081 ,
370 2000 535 2088 descripsit
560 1999 651 2064 simul
671 1990 854 2088 germanum
875 1998 1035 2066 doctorem
1054 2014 1086 2068 et

99 2122 270 2187 antistitem
296 2121 328 2184 in
348 2119 496 2186 societate
517 2116 713 2200 Christiani,
737 2118 891 2210 adquam
913 2121 1085 2189 informan-

99 2240 176 2305 dum
191 2237 340 2304 adhibuit
362 2239 495 2304 manime
511 2239 590 2306 Jesu
609 2251 640 2306 et
660 2239 879 2330 Apostolorum
896 2245 1085 2334 exemplum.

100 2360 232 2430 Omnem
262 2374 415 2427 aversatus
436 2383 584 2452 pompam
606 2383 774 2451 omnesque
793 2336 841 2427 res
860 2364 1086 2452 superstitiosas

98 2483 130 2547 in
150 2483 287 2548 Ecclesial
308 2483 470 2560 Romani,
494 2482 614 2548 cultum
634 2503 755 2546 sacrum
776 2479 896 2549 satione
916 2483 1085 2552 admodum

96 2604 232 2693 simplisi
257 2603 364 2694 peragi
391 2602 502 2671 voluit.
559 2602 726 2668 Ferventes
752 2601 791 2669 sd
821 2603 923 2670 Deum
953 2604 1087 2672 fundere

96 2746 227 2813 preces,
250 2722 396 2792 Numinis
414 2721 514 2788 divini
533 2722 692 2797 celebrare
711 2724 928 2813 majestatem,
947 2726 1086 2794 infinitas

98 2844 247 2925 uirtutes,
275 2844 444 2934 gratuitum
470 2841 625 2933 imprimis
646 2865 716 2934 erga
738 2842 900 2912 bominem
922 2870 1085 2928 amorem,

61 3197 65 3200 .
103 3140 137 3184 '¹
160 3150 265 3197 Exstant
288 3147 411 3212 opuscula
426 3128 541 3218 haleca,
565 3144 673 3208 Anglioe
690 3145 803 3209 scripta,
826 3144 853 3192 in
876 3137 944 3194 mbr.
963 3128 1042 3196 (isc.
1062 3144 1091 3197 C.

124 3283 126 3287 .
159 3234 279 3283 cantabr.
307 3235 343 3282 of.
369 3214 501 3294 Vauglran.
538 3229 596 3279 vol.
615 3229 652 3276 11.
672 3245 698 3294 p.
722 3227 793 3287 204,
810 3227 873 3279 205.
911 3229 1000 3288 lllud,
1019 3230 1091 3292 quod

159 3319 264 3368 titulum
291 3317 387 3367 habel:
415 3315 479 3365 noo
507 3314 552 3363 tte
578 3312 652 3378 office
677 3314 710 3378 of
733 3311 847 3361 Garates
869 3312 894 3360 s‘s
911 3313 1043 3362 ordclned
1060 3316 1095 3382 of

161 3401 234 3460 God,
260 3401 404 3450 breviatum
431 3399 501 3463 typis
530 3412 675 3462 expressum
695 3400 735 3446 est
754 3398 797 3447 iu:
818 3395 950 3462 Wss'ts'ssqs
967 3400 1001 3465 of
1016 3398 1090 3450 Jots

164 3483 287 3548 ll's'olsls’ff.
306 3501 332 3549 p.
353 3480 498 3531 lus-137.
526 3480 624 3532 Curato·
638 3480 740 3530 nomine
760 3480 920 3544 significatus
939 3485 1023 3545 quivis
1041 3487 1090 3536 mi·

164 3567 245 3615 nister
268 3568 414 3629 Ecclesiae,
440 3566 483 3616 oui
512 3567 651 3615 animarum
677 3582 739 3616 curs
766 3568 897 3619 commissa
924 3572 973 3618 est.
1009 3571 1090 3622 Cura·

167 3654 250 3699 lorum
266 3647 378 3700 officium
394 3668 409 3701 s
426 3652 479 3702 neo
494 3665 550 3699 esso
567 3650 735 3714 institutum,
756 3650 821 3699 dixit
840 3651 864 3698 in
885 3651 967 3701 bo'cce
983 3653 1092 3707 libellos

165 3732 329 3798 paucissimos
354 3739 440 3783 antem
465 3734 530 3786 bene
558 3734 603 3783 illo
630 3735 719 3798 fungi,
747 3737 855 3802 pessime
880 3753 940 3786 vero
958 3739 1091 3803 plurimos.

160 3818 287 3882 Quocirca
314 3819 454 3883 exploravit
478 3834 567 3869 eorum
591 3818 670 3880 silis,
698 3808 744 3880 el,
763 3821 851 3885 prouti
870 3821 934 3870 alias
951 3823 978 3869 iu
1000 3823 1091 3873 iratres

162 3901 335 3952 llendicanles
350 3903 435 3954 invehi
449 3903 564 3960 solebat,
583 3904 620 3952 sio
641 3920 710 3952 nunc
731 3905 840 3954 clericos
855 3906 1001 3956 saeculares
1018 3924 1089 3958 aces-

166 3988 268 4038 bissime
285 3987 451 4052 perstrinxit,
469 4004 534 4052 quos
552 4004 599 4036 suo
619 3996 732 4055 tempore
748 3990 870 4054 majorem
890 3996 987 4056 partem
1006 3998 1091 4056 pestes

162 4091 217 4125 osse
236 4075 368 4125 societatis
387 4074 512 4125 humanae
529 4073 672 4125 affirmavit.
