2586 4718
492 432 503 455 .
560 343 621 408 173

103 563 346 629 Eucharistiae
374 565 603 636 sacramento,
628 555 737 620 dicere
753 574 937 640 pousrrmns.
990 555 1075 623 Cne-

5 745 6 754 ,
103 695 208 750 teram
220 701 238 765 ,'
251 705 334 772 qrcae
352 681 511 746 Ecclesia
531 678 627 742 hodie
642 679 759 741 inser‘te
773 686 917 765 cupatur
935 675 975 742 cle
992 681 1078 742 acci·

102 806 196 872 derzte
220 808 291 869 sine
308 802 465 890 subjecto,
490 801 531 865 de
550 799 936 878 tratzssabstantiatimze,
949 798 1077 862 ‘interiti-

91 926 276 1014 ficaticne,
299 924 539 1010 impanatione,
569 920 649 984 haec
676 919 767 982 nullo
783 919 928 1006 pandent
940 920 1077 1006 praesi-

103 1046 182 1125 dio,
202 1046 255 1109 cel
273 1047 309 1108 in
328 1064 425 1107 sensa
445 1043 626 1121 communi,
648 1041 701 1103 vel
714 1041 750 1101 in
772 1037 889 1106 Codice
907 1063 1016 1110 sacro.

74 1242 77 1248 .
150 1164 300 1254 Opposita
320 1184 415 1253 quam
433 1161 565 1225 maxime
582 1158 660 1225 haec
677 1159 793 1249 placita
811 1172 900 1224 erant
922 1159 1080 1227 doctrinae

105 1280 261 1351 Ecclesiae
281 1296 311 1349 et
327 1283 456 1348 fratrum
476 1279 722 1348 Mendicantium
741 1279 780 1346 de
798 1279 990 1371 Eucharistia
1010 1303 1079 1346 sen·

97 1407 227 1486 tentiis,
258 1427 333 1493 quas
356 1405 538 1494 impugnare
570 1402 724 1492 imprimis
756 1399 875 1468 studuit
907 1399 1079 1480 Wicliffus,

72 1552 74 1559 ·
103 1540 138 1594 nt
165 1526 328 1605 homines,
359 1525 469 1590 animis
490 1525 529 1588 ab
549 1545 652 1590 errore
671 1522 833 1603 liberatis,
854 1521 983 1586 meliora
1003 1520 1083 1586 edo·

104 1659 187 1714 cerat
221 1645 261 1714 de
296 1646 444 1736 simplicis
475 1645 556 1711 illius
587 1643 833 1711 Christianorum
861 1643 937 1709 ritus
966 1639 1083 1713 indole.

106 1771 317 1857 Quapropter,
335 1767 375 1833 ad
393 1767 504 1832 melius
524 1765 725 1856 intelligenda
741 1779 772 1831 et
789 1760 990 1854 dijudicanda
1010 1762 1084 1829 Wi-

103 1887 178 1954 cliffi
206 1884 246 1953 de
271 1900 461 1954 sacramento
489 1883 705 1952 Eucharistiae
721 1885 859 1974 placita,
884 1882 1084 1951 recordemur

104 2009 190 2074 illam
208 2008 364 2073 Ecclesiae
386 2005 569 2072 Pontificiae
588 2003 782 2083 doctrinam,
800 2003 979 2070 afratribns
997 2004 1085 2099 Men·

107 2127 286 2194 dicentibus
300 2125 390 2190 valde
404 2135 600 2203 exornatam,
616 2136 648 2188 et
664 2122 822 2191 videamus
836 2125 946 2207 simul,
962 2104 1038 2216 quid
1053 2126 1087 2192 in

108 2247 218 2335 anglia
240 2256 311 2310 ante
330 2244 506 2311 Wicliffum
528 2244 670 2312 doctores
689 2257 721 2311 et
736 2245 903 2312 elerici·de
918 2244 1085 2312 Eucharis-

100 2368 150 2433 ris
169 2365 332 2435 senserint.
385 2356 391 2365 ’

154 2604 271 2672 Christi
297 2627 407 2695 corpus
429 2626 498 2670 rere
518 2603 622 2671 adesse
643 2605 676 2670 iu
696 2617 885 2673 sacramento
913 2605 1084 2674 Eucharis-
1109 2668 1112 2675 .

105 2728 188 2807 tiae,
214 2723 292 2792 fides
319 2748 381 2792 non
407 2726 468 2792 init
486 2724 643 2792 Ecclesiae
659 2725 969 2817 duplo-Saronieae3
993 2729 1083 2796 certis

105 2869 177 2913 vero
205 2845 389 2913 testimoniis
415 2847 487 2913 satis
517 2847 652 2939 probari·
672 2861 795 2937 potest,
819 2850 919 2940 gentis
937 2850 1086 2940 Anglicae

106 2970 236 3056 majores
262 2989 441 3056 persuasum
467 2967 530 3032 sibi
549 2967 693 3034 habuisse
712 2969 771 3035 illis
790 2970 1002 3059 temporibus,
1026 2996 1086 3062 pa-

106 3109 177 3153 nem
208 3100 240 3152 et
269 3087 376 3154 vinum
405 3087 438 3150 iu
470 3090 552 3152 sacri
580 3090 676 3153 coeni
695 3111 759 3154 esse
776 3094 898 3180 signa,
921 3094 1084 3180 spandola,

106 3207 243 3298 corporis
261 3221 291 3273 et
312 3207 466 3296 sanguinis
485 3206 561 3274 Jesn
584 3205 712 3280 Christi.
744 3210 813 3276 Hoc
830 3223 916 3300 patet
935 3236 972 3279 eu
986 3215 1085 3304 scrip·

109 3329 148 3393 tis
176 3325 281 3393 Bedue
305 3327 387 3393 illius
416 3327 609 3395 Venerabilis
638 3344 669 3395 et
695 3330 798 3397 Elaeei
815 3332 922 3399 Albini
942 3335 1004 3401 sire
1025 3335 1085 3402 dl·

108 3447 228 3535 euiui,
250 3424 305 3539 qni
333 3449 455 3515 saeculo
489 3448 569 3514 Vlll
597 3448 782 3521 floruerunt.
839 3453 908 3520 Hoc
937 3468 1023 3544 patet
1051 3479 1086 3523 eu

107 3565 229 3653 seriptis
248 3568 369 3633 Rabani
389 3568 513 3649 Mauri,
532 3568 768 3662 archiepiscopi
784 3573 974 3664 Moguutiaci
989 3590 1020 3641 et
1030 3577 1087 3643 Al·

108 3684 194 3750 cnini
213 3686 369 3776 quondam
389 3689 557 3770 auditoris,
578 3689 777 3772 Druthmari,
799 3694 943 3760 monaehi
967 3693 1085 3762 Corbe·
1126 3694 1128 3698 ’

106 3806 220 3896 jeusis,
243 3806 430 3895 Haymnnis,
447 3811 594 3902 Episcopi
610 3811 888 3880 Halberstadiensis
898 3818 915 3895 ‚⁴
933 3815 1086 3880 aliorum-

110 3951 190 4018 que,
205 3927 260 4018 qui
276 3950 312 3994 er
327 3927 431 3996 Bedae
444 3944 475 3997 et
491 3932 615 3999 alcuini
632 3930 784 4024 theologii
799 3934 977 4004 hauserunt.
1002 3937 1086 4002 Dum

112 4064 213 4120 autem
234 4049 267 4117 hi
289 4051 349 4116 riri
368 4055 640 4142 praestantissimi,
664 4078 740 4144 quos
760 4056 913 4121 saeculum
932 4055 979 4122 lx
995 4057 1082 4129 tulit,
