2586 4718
633 300 672 360 27

71 550 79 568 ·
99 589 101 595 ,
168 516 331 608 magistros
348 513 524 583 constituti.
572 510 616 579 Hi
630 510 857 580 conveniebant
868 532 974 578 omnes
980 560 992 594 ,
1004 513 1060 581 ubi
1069 493 1150 583 Uni·

168 638 320 707 versitatis
340 636 471 706 Senatus
491 632 681 704 habebatur.
713 631 912 721 Cogebantur
930 606 1149 723 insuper‘con·

166 774 298 842 ventus,
324 759 379 850 qui
398 758 501 827 minus
521 769 608 823 erant
627 757 823 846 frequentes,
843 753 946 823 habiti
964 779 983 823 a
1000 756 1071 825 solis
1084 781 1152 825 me·

168 883 270 973 gistris
285 880 483 971 regentibus,
499 879 562 968 sire
576 877 814 968 professoribus.
839 877 1035 969 Praepositus
1046 892 1151 952 auteur

57 996 59 999 ⁵
168 1018 234 1071 erat
261 999 463 1070 Universitati
485 986 715 1083 cancellarius,
734 1000 812 1090 qui,
829 1000 949 1067 summi
968 1000 1154 1068 auctoritate

168 1124 386 1216 dignitateque
401 1121 579 1211 praeditus,
595 1144 643 1188 res
662 1119 866 1189 Academicas
883 1120 1105 1190 moderabatur
1125 1135 1157 1189 et

171 1247 309 1337 amplam
329 1244 492 1314 exercebat
504 1243 756 1335 jurisdictionem
768 1252 796 1314 1'.
842 1243 955 1333 Itaque
974 1243 1157 1313 Oronieusis

172 1366 362 1439 Universites'
379 1365 524 1435 libertate
544 1344 691 1434 utebatur
702 1366 774 1432 setis
783 1365 906 1454 magnai.
930 1364 1042 1454 Neque
1052 1379 1159 1432 tamen

171 1488 298 1559 omnino
326 1487 374 1557 su'i
402 1501 468 1556 erat
487 1487 593 1578 juris,
618 1486 736 1577 quippe
758 1508 838 1577 quae
857 1486 898 1552 ab
915 1484 1055 1552 Ecclesii
1073 1508 1158 1577 pen·

172 1609 278 1680 debat.
341 1609 513 1677 Pontifices
544 1609 630 1676 enim
658 1608 815 1688 Romani,
838 1614 1024 1697 vr'puauquam
1052 1608 1161 1676 multis
1213 1604 1228 1621 ‘

173 1731 302 1822 quidem
320 1752 390 1800 eam
408 1729 559 1797 donarent
579 1729 750 1820 privilegiis
759 1735 773 1811 ',
796 1729 888 1817 simul
908 1741 1034 1810 tamen,
1053 1731 1162 1820 prouti
1250 1760 1253 1772 ⁴

173 1851 328 1922 dominari
357 1852 460 1921 ubivis
490 1849 680 1934 studebant,
710 1852 775 1920 rim
799 1871 937 1917 exserere
962 1871 1163 1942 summopere

172 1948 355 2043 nitebantur
381 1974 417 2040 in
441 1974 621 2041 institutum
640 1973 701 2038 hoc
720 1970 969 2049 Academicum,
991 1970 1076 2057 quod
1095 1971 1163 2037 Ee·

173 2096 284 2163 clesiae
320 2109 384 2160 esse
417 2093 700 2180 propugnaculum
722 2102 867 2180 oportere
895 2091 1113 2161 existimabant
1133 2103 1162 2165 ².

80 2212 82 2225 '
174 2214 254 2286 Suos
286 2230 510 2302 saepenumero
545 2211 662 2299 legatos
689 2210 765 2276 illuc
791 2212 988 2294 mittebant,
1016 2235 1053 2279 ac
1080 2215 1164 2304 leges

174 2353 399 2421 nonnunquam
419 2331 449 2396 ei
466 2330 734 2420 praescribebant.
791 2330 865 2394 Vim
886 2345 993 2397 autem
1012 2337 1164 2422 majorem

174 2452 354 2520 habuerunt
372 2451 476 2540 Papae
494 2449 528 2515 in
546 2449 633 2515 illam
653 2441 915 2531 Universitatem,
940 2474 976 2521 er
995 2475 1059 2542 quo
1078 2467 1165 2540 ten).

173 2596 251 2666 pore
267 2567 414 2639 monachi
427 2567 659 2650 nenoteanes,
675 2569 709 2633 in
724 2567 871 2658 Angliam
888 2594 1014 2664 quoque
1023 2543 1163 2666 appulsi,

174 2691 338 2760 cathedrae
368 2688 481 2758 Oronii
501 2689 704 2756 obtinuerunt
724 2701 756 2755 et
774 2688 887 2792 docere
905 2688 1034 2784 publice
1050 2719 1163 2789 coepe.

205 2935 215 2972 1
237 2930 410 2999 Cancellrrius
430 2933 493 2980 tuuc
514 2931 651 2982 creabatur
669 2948 685 2983 a
703 2933 832 2997 magistris
849 2935 1000 2999 regentibus
1016 2943 1044 2988 et
1062 2933 1115 2991 nou
1128 2959 1171 2994 re·

235 3015 378 3082 gentihus„
393 3013 426 3065 ud
443 3013 593 3074 biennium,
613 3031 799 3081 nonnunquam
808 3022 1112 3089 quotannis50ptrbatur
1122 3045 1171 3078 su-

236 3107 289 3154 tem
303 3100 335 3153 ad
348 3100 415 3153 hanc
425 3099 578 3162 dignitatem
592 3116 623 3153 ex
634 3101 764 3165 Collegio,
779 3103 894 3156 velbuld
902 3106 1006 3168 quivis,
1016 3110 1108 3159 artium
1117 3127 1172 3162 ma·

237 3187 333 3252 gister,
354 3187 400 3233 aut
419 3182 551 3233 facultatis
565 3182 709 3251 cujuspiam
724 3188 863 3251 professor.
882 3191 920 3240 De
930 3192 1172 3260 Canceliariijuri's·

236 3273 352 3323 unisone
377 3269 413 3322 es
432 3268 527 3321 uuor.
547 3269 602 3321 rso.
622 3270 645 3322 1.
664 3287 691 3335 p.
712 3271 773 3324 170.
792 3298 824 3310 -
843 3273 918 3324 anno
937 3275 1004 3324 1214
1020 3279 1091 3342 regia
1107 3297 1170 3332 rue·
1276 3263 1277 3267 ’

236 3357 343 3411 toritate
361 3370 512 3429 concessum
525 3358 565 3405 eet
583 3355 750 3407 universitati
763 3358 918 3419 oxoniensi,
939 3365 969 3408 ut
984 3361 1058 3412 eirea
1068 3365 1171 3418 Acade·

236 3444 298 3496 miei
316 3441 348 3492 ad
364 3444 470 3491 externe
489 3455 542 3489 uon
560 3441 780 3507 compellerentur·
794 3444 865 3505 sora,
886 3445 931 3494 sed
948 3452 979 3495 ut
996 3449 1171 3506 cancellarius

237 3530 406 3592 cognosceret
425 3526 455 3575 in
473 3525 576 3586 causis,
601 3525 647 3578 ubi
663 3542 715 3578 una
733 3544 792 3594 pare
807 3533 875 3580 esset
889 3531 1027 3596 scholaris,
1049 3552 1096 3586 eeu
1114 3541 1171 3604 ejus

239 3613 360 3676 seruiens.
378 3610 437 3663 vid.
456 3610 551 3662 Wood.
569 3611 624 3664 Lib.
643 3612 665 3663 1.
684 3629 711 3679 p.
728 3613 774 3665 61.
867 3615 929 3665 tiam
936 3617 1062 3680 Reicere,
1075 3621 1170 3674 aaran.
1212 3618 1215 3627 ’

243 3700 292 3751 der
317 3699 494 3764 Eorsssouep
508 3699 567 3751 und
584 3697 793 3766 Eutros'okeluesp
842 3700 845 3705 '
876 3700 964 3752 boire»
983 3703 1101 3756 Serretes
1118 3722 1172 3758 en·

174 3842 179 3853 ,
244 3798 301 3834 rere
319 3782 467 3835 Erdtieils.
501 3783 560 3834 Vol.
581 3783 604 3834 1.
624 3803 651 3850 p,
670 3785 723 3834 264
741 3801 800 3850 sqq.
834 3789 838 3796 '
1052 3786 1054 3791 ’

211 3870 224 3907 ¹
246 3870 385 3935 Propterea
413 3869 488 3919 etism
516 3869 581 3920 baec
602 3870 758 3922 Universitas
776 3873 894 3924 seeundo
910 3871 1047 3939 Ecclesiae
1063 3872 1171 3940 robola,

243 3950 381 4005 nestsear
391 3947 605 4019 fundamentum
622 3955 703 4018 adeo,
725 3956 866 4010 dicebatur.
881 3957 940 4011 vid.
959 3943 1104 4013 Matthaeus
1120 3968 1176 4017 Pa·

240 4041 291 4103 rio,
311 4038 358 4092 ouh
377 4054 419 4090 an.
440 4039 532 4097 1257..
