2586 4718
591 260 655 321 tw

129 473 273 542 adstante.
292 470 369 538 haec
389 490 619 537 consusnrrasse
637 470 754 539 fertura
782 491 847 535 »se
866 469 948 538 toras
966 494 1120 565 casopo-

129 595 190 662 tius
217 607 410 661 ertrusurum
431 591 532 658 ‘istum
563 589 774 681 Episcopum,
801 590 940 658 crinibus
956 615 1029 659 euru
1047 596 1120 663 rel-

127 716 298 795 licantem,
330 734 423 803 quam
452 712 552 792 haec,
578 733 658 801 quae
682 733 766 777 nunc
785 711 990 794 obtinebant,
1012 737 1121 806 aequo

128 837 233 904 animo
255 838 464 924 passurum?
524 831 707 922 Quanquam
737 854 813 910 aure
840 847 994 901 susurrata
1023 849 1120 905 erant

128 955 209 1023 haec
235 955 351 1036 rerba,
381 952 488 1019 audita
508 970 611 1019 tamen
632 964 704 1020 suut
722 975 738 1018 a
757 955 911 1021 nonnullis
929 955 1120 1024 hominibus

124 1078 212 1166 juxta
231 1071 518 1165 ipsum-stantibus.
557 1073 660 1158 Quare
674 1070 903 1155 Londiueuscs,
920 1074 975 1164 qui
989 1074 1118 1142 Ducem

128 1194 327 1272 Lancastriae
351 1191 411 1260 hoc
432 1206 573 1284 tompore
591 1194 773 1284 popularem
791 1218 854 1262 uon
874 1196 1125 1283 existimabant,

128 1317 263 1382 clamare
288 1328 481 1404 coeperunt,
506 1336 538 1380 se
561 1314 648 1405 prius
666 1315 763 1382 ritam
783 1339 869 1382 suam
888 1339 945 1407 pro
964 1318 1122 1411 Episcopi
1191 1344 1197 1354 ·

128 1436 343 1504 incolumitate
360 1457 425 1504 esse
444 1434 629 1518 devoturos,
653 1458 748 1525 quarn
767 1435 930 1516 riderent,
945 1436 1035 1505 ,hunc
1049 1452 1123 1509 teau

128 1545 350 1625 contumeliose
365 1557 491 1624 tractari
511 1558 544 1624 iu
564 1555 652 1626 leda
670 1557 766 1648 ipsius
785 1557 968 1629 cathedrali.
990 1560 1119 1630 rurba

128 1691 160 1746 et
177 1678 264 1768 gravi
283 1679 523 1746 tumultuatione
542 1678 694 1760 excitati,
716 1680 907 1771 concilium,
927 1679 1044 1748 inlecti
1060 1702 1120 1764 re,

129 1798 290 1870 dimissum
322 1811 380 1869 est.
437 1797 683 1866 Londiucnsium
712 1821 785 1867 vero
810 1799 979 1867 multitudo
1007 1799 1121 1869 insur-

127 1921 228 2003 rexit,
248 1934 299 2017 ct,
319 1921 452 2011 arreptis
468 1925 579 2001 armis,
600 1920 721 1987 Ducem
738 1932 773 1988 et
792 1921 1006 1988 Maraccallum
1025 1889 1123 1988 occi-

128 2043 202 2110 dere
222 2042 339 2123 soluit,
358 2042 470 2130 virque
489 2064 546 2132 per
565 2041 667 2133 ipsum
683 2041 874 2133 Episcopum
888 2042 948 2110 loir
963 2043 1122 2133 postridie
1219 2060 1224 2068 ·

128 2160 268 2232 cohibita
302 2186 320 2227 a
353 2161 566 2229 comburendo
600 2163 717 2253 palatio
752 2162 848 2229 Ducis
860 2212 871 2243 ,
904 2162 988 2253 quod
1016 2186 1118 2231 roca·
1155 2146 1157 2150 i

128 2283 220 2351 batur
243 2282 283 2349 de
303 2282 420 2372 Saroy:
446 2295 584 2350 attamen
602 2305 687 2348 arma
707 2284 772 2371 ejus
791 2294 823 2349 et
843 2283 975 2374 iusignia
992 2283 1118 2354 infore

129 2405 257 2496 publico
276 2403 449 2472 >destructa
479 2418 560 2473 suut.
620 2401 761 2468 Tandem
798 2403 929 2493 contigit
958 2404 1122 2496 Episcopo
1227 2421 1231 2430 '

130 2523 328 2609 Gourtnaeo,
358 2538 393 2593 ut
407 2523 543 2591 -scdarct
563 2522 770 2606 seditioncm3
793 2536 824 2590 et
843 2525 930 2591 brevi
954 2525 1116 2616 post-Dux

131 2647 331 2716 Laucastriae
345 2647 449 2737 plures
464 2644 553 2710 abire
568 2643 671 2732 coegit
682 2644 879 2733 magistratus
887 2618 1119 2728 Londineuses,

118 2791 300 2860 corumque
318 2769 387 2834 loco
405 2765 481 2831 alios
500 2764 678 2854 subrogarit
689 2773 715 2834 ¹.
738 2823 741 2827 .

175 3010 230 3078 Sic
253 3005 412 3074 Wioliffus
428 3007 504 3095 jam
517 3007 569 3072 >ab
587 2956 812 3074 Eodlesiasticis
822 3005 994 3098 judicibus·
1004 3010 1114 3079 erasit

130 3129 247 3217 Quodsi
278 3126 313 3192 hi
342 3149 405 3192 nou
433 3125 578 3219 impediti
607 3129 759 3210 fuissent,
780 3130 945 3218 quominus
965 3129 999 3194 in
1017 3127 1116 3207 fidem
1226 3195 1229 3205 ,

129 3253 194 3340 ejus
235 3249 450 3339 inquirerent,
492 3264 588 3341 atque
626 3250 852 3341 interrogantes
893 3251 1117 3342 comperissent

67 3348 70 3352 ⁴
108 3357 167 3436 ¹cr
195 3391 232 3436 eo
262 3370 427 3439 sententias
455 3369 663 3452 haereticas,
682 3372 822 3462 profecto
846 3372 913 3460 jam
941 3387 1016 3440 tuuc
1048 3372 1116 3462 ejus

160 3664 170 3702 ¹
195 3666 277 3715 Foxua
295 3667 376 3716 totam
396 3681 448 3715 rem
466 3665 605 3732 descripsit·
616 3681 647 3714 err
664 3664 791 3714 Chronico
809 3665 956 3731 monasterii
972 3666 1056 3717 sancti
1072 3667 1122 3718 Al·

191 3749 262 3801 haui.
297 3751 356 3803 Vid.
386 3750 552 3814 opusculum,
571 3749 614 3798 cui
634 3748 745 3799 titulus:
766 3748 895 3816 Writissps
911 3753 946 3818 of
958 3751 1031 3801 John
1049 3751 1121 3803 Wro-

192 3835 256 3902 lrlsff
260 3868 344 3886 .....
367 3834 481 3898 printed
495 3834 547 3899 for
565 3834 610 3882 tlte
624 3830 764 3897 Reliqic'ua
787 3834 870 3886 Troct
892 3836 1008 3901 Society.
1037 3835 1121 3888 lond.

98 3947 101 3956 ·
129 3962 131 3966 Α
193 3918 295 3983 (recens
321 3918 396 3983 edit).
424 3935 451 3984 p.
481 3919 513 3968 19
538 3934 578 3982 sq.
598 3942 630 3954 -
649 3917 688 3967 Cf.
710 3917 788 3968 otiam
802 3913 989 3984 waningum.
1008 3920 1119 3987 lta-192.

79 4069 82 4081 Ι
129 4068 135 4078 Ι
193 4003 222 4050 G.
241 4003 285 4051 W.
306 4001 339 4051 Ee
356 4001 421 4061 Bas,
446 4001 500 4052 Tic
517 4001 581 4067 Life
598 3999 790 4070 ofWr'cls'fip.
810 4004 856 4054 161
878 4019 936 4068 sqq.
