2586 4718
711 336 729 394 6

235 548 360 638 publicai
385 564 491 613 omnes
518 546 628 636 populi
654 545 904 615 continebantur.
967 545 1111 614 Praeerat
1140 546 1215 616 huie

234 669 354 736 civitati
373 689 477 735 sacrae
495 668 637 734 Pontifex
657 668 831 748 Romanus,
848 665 990 756 quicum
1009 663 1218 734 Clerodcmi-

234 791 368 864 nubatur
383 791 415 860 in
431 811 547 859 omnes.
572 790 661 857 lianc
676 804 780 856 autem
794 787 1010 857 Hierarchiam
1027 790 1217 858 stabiliverat

235 911 390 1003 imprimis
406 911 572 1001 Gregorius
585 909 647 977 Vll
655 959 665 990 ,
683 913 810 1001 ejusque
825 930 1011 977 successores
1025 907 1216 981 adduxerant

233 1054 303 1099 eam
322 1030 361 1100 ad
379 1053 535 1105 summum
554 1031 722 1121 fastigium.
748 1031 912 1122 Postquam
924 1031 1214 1102 verosaeeuloXlII

233 1153 408 1234 societatis,
439 1153 613 1232 libertatis,
642 1153 723 1242 juris
749 1151 849 1221 studia
877 1150 980 1220 enasci
998 1165 1163 1242 coeperant
1183 1152 1214 1220 in
1283 1165 1287 1172 '

186 1323 190 1332 .
234 1275 358 1364 populis
373 1275 561 1365 Europaeis,
576 1273 760 1343 Hierarcbia
775 1273 931 1340 molestior
946 1274 980 1338 in
989 1271 1055 1340 dies
1064 1275 1145 1340 facta
1156 1287 1214 1345 est.

232 1394 324 1463 Nunc
355 1396 510 1486 principes
534 1408 567 1461 et
587 1394 697 1485 populi
728 1394 783 1459 uni
802 1392 959 1461 Ecclesiae
977 1414 1053 1483 prae
1069 1394 1213 1461 omnibus

231 1517 345 1583 servire
362 1518 528 1584 noluerunt
547 1516 701 1607 amplius,
722 1515 776 1585 aed
790 1516 852 1583 suis
867 1516 1005 1607 ipsorum
1019 1515 1110 1581 simul
1126 1502 1212 1582 com·

229 1637 330 1705 modis
350 1640 527 1729 prospicere
543 1638 739 1729 inceperunt.
763 1635 1210 1729 Temperaribocae'rocoepit

229 1758 309 1826 ratio
329 1758 477 1838 feudalis,
497 1758 678 1827 exstiterunt
686 1760 868 1827 civitateset
876 1756 1068 1845 respublicae
1079 1757 1111 1823 iu
1122 1757 1210 1824 urbi·

228 1879 304 1958 bus.
325 1892 356 1946 et
372 1878 491 1970 prodiit
511 1880 603 1947 tertia
621 1879 785 1947 hominum
804 1877 1001 1944 in'societate
1012 1878 1139 1959 classis,
1155 1882 1209 1944 ci·

229 2003 335 2072 oriam:
348 1992 523 2068 mercatura
539 2001 615 2068 aluit
631 1996 785 2068 societatis
799 2012 831 2098 ct
840 1998 993 2067 libertatis
1008 1999 1089 2064 inter
1105 2012 1209 2087 gentes

187 2201 193 2214 ³
227 2121 390 2192 ardorem:
415 2136 448 2189 et
466 2135 631 2214 postquam
645 2121 780 2189 lrnerius
794 2117 965 2187 Pendeetas
979 2121 1132 2210 explicare
1143 2121 1210 2186 Bo·

228 2243 341 2310 noniae
358 2245 533 2313 instituerat
543 2293 554 2327 ,
573 2247 624 2334 jus
644 2244 734 2312 civile
754 2266 780 2312 s.
805 2243 985 2326 Romanum
1003 2241 1120 2332 opponi
1139 2263 1211 2308 coe·

228 2364 276 2455 pit
290 2366 357 2454 juri
375 2364 604 2444 Ecclesiastico.
633 2363 687 2430 Sic
705 2385 724 2429 a
743 2366 848 2431 suerri
861 2362 900 2429 ad
908 2364 1088 2455 politicam
1104 2373 1210 2447 gentes

227 2485 400 2555 transibant
417 2487 568 2553 rationem
581 2495 609 2557 ¹.
657 2485 699 2552 Et
719 2509 781 2576 quo
799 2486 899 2576 magia
917 2484 994 2548 haec
1013 2481 1139 2548 libertas
1156 2481 1208 2546 ci-

228 2603 298 2672 vilis
315 2606 445 2674 invaluit
462 2608 496 2674 in
514 2608 664 2697 Europe,
688 2628 725 2672 eo
744 2607 875 2698 graviori
896 2603 1042 2693 deinceps
1061 2600 1133 2669 odio
1148 2601 1208 2669 luit

227 2727 350 2816 populis
374 2727 557 2797 Hierarcbia
581 2729 759 2797 Romanae
813 2726 1033 2814 Opposuerunt
1052 2744 1084 2788 se
1101 2723 1204 2791 inter-

228 2844 304 2912 dum
337 2848 459 2918 fortiter
489 2848 646 2940 principes
680 2861 711 2915 et
744 2843 864 2913 nobiles
890 2840 1049 2908 Pontificis
1076 2841 1213 2906 Romani

228 2967 414 3060 despotismo
429 2981 453 3039 ³.
483 3020 485 3031 ,

176 3233 179 3240 ’
255 3232 264 3266 ¹
290 3231 348 3283 virt.
367 3230 519 3282 Roberteoni
536 3214 673 3280 Introrsus
690 3227 725 3275 od
742 3224 814 3276 ΗΜ.
834 3224 925 3274 Caroli
947 3223 974 3275 V.
1071 3211 1073 3215 ⁸

246 3316 268 3379 ,3
283 3317 362 3380 tw·
382 3315 445 3373 XIll
462 3318 533 3363 secta
548 3313 671 3376 quaedam
687 3311 787 3359 exstitit
804 3310 883 3358 llsllie
903 3310 1058 3369 Succorum,
1077 3325 1143 3374 quae
1159 3303 1214 3361 erat

183 3383 186 3387 ¹
290 3394 432 3449 adversaria
448 3413 524 3459 quarn
542 3398 648 3445 maxime
668 3394 796 3443 Ecclesiae
816 3397 943 3445 Romanae
959 3395 992 3444 ob
1010 3393 1213 3444 Hohenefauffio-

288 3501 344 3534 rum
362 3482 496 3532 miseriam.
533 3479 591 3529 Vid.
611 3470 741 3538 Gieseler,
763 3478 972 3544 Kirclsengescls.
991 3478 1049 3528 vot.
1069 3479 1105 3531 11.
1128 3480 1158 3531 P.
1176 3478 1213 3528 ΙΙ.

288 3582 315 3632 p,
334 3564 397 3630 635.
417 3567 473 3612 not.
492 3578 553 3612 mm.
571 3590 606 3602 -·
624 3563 736 3612 Subinde
754 3563 817 3613 adeo
838 3565 1059 3617 inflammabantur
1076 3566 1210 3626 nonnulli,

289 3640 320 3717 ut
343 3644 438 3694 bellurn
463 3645 545 3710 Papae
572 3646 684 3696 indicere
706 3651 733 3696 ef
756 3650 964 3701 reformationem
989 3650 1115 3715 quandam
1139 3652 1213 3700 armis

288 3726 401 3797 ir‘goipere
416 3729 527 3778 vellent:
543 3732 611 3794 quod
625 3735 759 3781 tentarunt
774 3728 885 3784 Fratres
899 3714 1048 3800 ,fpdstoliei
1063 3751 1129 3784 auno
1145 3732 1213 3783 1304

287 3817 314 3863 in
329 3811 404 3860 Italic
419 3816 565 3880 superiore,
583 3816 656 3867 ouius
670 3822 757 3867 aeetae
771 3818 822 3867 duo
838 3819 1075 3869 fanatici'auctores
1091 3819 1211 3886 fuerunt,

288 3895 429 3975 spgarellur
449 3901 589 3967 Parmensis
603 3909 636 3951 'et
653 3902 787 3955 Duloinue.
825 3904 947 3955 Gieeeler.
969 3903 1031 3954 ibid.
1052 3920 1080 3968 p.
1099 3899 1162 3951 637·

256 3981 267 4017 θ
287 3981 445 4042 llocumento
465 3986 498 4035 sit
517 3986 591 4035 initio
611 4003 680 4039 saec.
704 3988 762 4038 xlv
789 3987 921 4055 Philippus
944 3990 1054 4048 Pulcer,
1074 4002 1118 4036 rex
1134 3987 1213 4034 Pran-

20 4094 162 4376 .
285 4063 349 4116 siser
384 4061 456 4119 'lam
486 4070 582 4123 dudum
604 4073 702 4124 acriter⁸
723 4087 781 4123 curn
805 4073 880 4138 Papia
913 4076 1074 4124 certaverant
1101 4073 1213 4141 Impera-
