2586 4718
475 318 942 443 “acap-

140 599 144 610 ·
222 563 296 650 legis
325 559 447 627 divinae
473 558 620 624 alimento
640 578 752 646 easque
771 556 851 622 tueri
871 569 976 621 contra
995 557 1084 647 lupos
1096 607 1106 639 ,
1118 561 1214 649 „quin

221 683 317 750 etiam
336 683 432 748 sitam
451 704 508 771 pro
530 679 638 747 oribus
657 700 793 769 ponere,
814 679 839 745 si
856 699 979 744 necesse
997 688 1086 751 ost1.

265 926 360 993 Illum
381 923 475 1015 igitur
492 905 612 1005 virum,
632 924 688 1015 qui
705 925 749 990 sie
769 922 934 1005 monebat,
950 935 1093 1014 paratum
1111 925 1212 994 fuisse

221 1049 317 1116 vitam
338 1044 518 1136 impendere
539 1066 629 1125 vero,
651 1043 806 1110 offirmare
823 1044 909 1113 lieet.
942 1043 977 1130 Si
996 1057 1100 1110 autem
1114 1045 1209 1134 quis,

219 1168 347 1234 audiens
365 1167 462 1233 hocce
482 1165 569 1234 triste
590 1164 716 1234 dicendi
734 1188 851 1256 genus,
873 1165 933 1233 sibi
952 1163 1050 1231 videri
1068 1165 1209 1233 Wiclif·

219 1290 286 1356 lum
316 1288 376 1354 hac
403 1288 485 1354 ritae
512 1299 613 1354 aetate
640 1283 948 1376 laborasse‘quaidam
967 1286 1064 1352 animi
1083 1289 1210 1355 intem-

219 1410 307 1502 perie
338 1408 422 1475 dieat
434 1457 445 1489 ,
473 1407 548 1473 huic
575 1430 747 1498 reponam,
775 1405 814 1473 de
839 1431 901 1496 quo
914 1410 981 1497 jam
1001 1406 1207 1493 monuimus,

219 1531 311 1597 fuisse
338 1530 394 1604 illa
422 1542 562 1620 tempora
587 1551 696 1619 reapse
716 1527 883 1595 admodum
903 1529 1076 1620 periculosa
1099 1534 1207 1598 omni-

219 1653 295 1732 bus,
318 1663 471 1740 quotquot
489 1648 645 1739 intrepide
664 1671 695 1715 se
713 1649 910 1740 opponebant
930 1649 1086 1740 impietati
1097 1665 1138 1720 ‘et
1153 1666 1205 1744 ty·

128 1769 130 1775 ’
220 1770 344 1839 rancidi
361 1770 518 1837 Ecclesiae
532 1770 707 1853 Romanae3
726 1769 810 1868 quod
827 1771 920 1837 etiam
936 1771 1207 1864 Wioliffusprobe

125 1941 128 1945 -
218 1894 348 1964 sciebat.
386 1892 518 1982 Scripsit
537 1892 674 1958 enimin
696 1891 875 1985 Traologo,
892 1893 1091 1984 prosperitati
1107 1895 1204 1986 ipsius

98 2007 102 2012 ¹
217 2037 308 2106 saepe
324 2014 477 2102 obfuisse,
493 2011 577 2104 quod
592 2013 691 2080 libere
705 2016 890 2081 senteutiam
906 2037 992 2081 suam
1007 2016 1200 2104 protulerat,

219 2150 250 2203 et
269 2136 379 2201 fratres
397 2135 610 2202 Mendieantes
628 2134 784 2225 aliosque,
805 2137 860 2226 qui
882 2133 1073 2204 Christianos
1088 2160 1122 2203 se
1137 2160 1202 2206 esse

216 2255 421 2335 simulabant,
441 2244 546 2321 multis
565 2253 665 2344 modis
682 2269 814 2321 mortem
835 2255 895 2346 ipsi
914 2254 1111 2351 machinari,
1129 2259 1202 2350 quia

215 2378 355 2444 veritatis
385 2388 496 2445 testem
525 2376 682 2466 integrum
711 2388 743 2443 et
770 2376 995 2468 incorruptum⁵
1015 2400 1141 2470 semper
1170 2404 1202 2448 se

215 2511 371 2590 praestare
391 2497 534 2566 studebat
544 2506 571 2569 ².
616 2496 698 2585 Quid
717 2520 789 2591 ergo
809 2498 943 2580 mirum,
964 2499 989 2566 si
1010 2499 1087 2590 quid
1106 2524 1200 2592 prae·

214 2619 332 2708 sapiens
361 2619 393 2683 in
421 2620 525 2686 animo
553 2616 711 2685 haberet?
760 2619 800 2685 Et
820 2621 933 2687 lamen
960 2620 1050 2689 aliter
1069 2622 1197 2706 evenit3

215 2765 288 2810 nam
315 2739 394 2808 istis
404 2739 525 2832 insidiis
544 2752 645 2807 morte
666 2753 791 2834 ereptus
809 2741 911 2810 subiti
930 2753 974 2810 est
985 2791 997 2824 ,
1017 2741 1069 2810 die
1087 2743 1200 2814 ultimo

214 2863 288 2930 anni
308 2867 406 2955 1384.

262 2984 391 3050 infirmi
430 2982 549 3050 scilicet
586 2982 762 3051 valetudine
797 2983 866 3076 (per
895 2985 972 3054 duos
990 2985 1078 3053 enim
1102 3009 1201 3055 annos

215 3118 286 3173 aute
321 3117 455 3172 mortem
489 3070 682 3196 paralyticus⁸
712 3106 805 3173 luisse
838 3106 966 3196 dicitur)
1002 3105 1211 3199 impedieba·'

215 3240 283 3305 tur,
319 3226 483 3318 quominus
508 3227 589 3294 solus
619 3227 722 3294 officio
742 3229 871 3296 rectoris
890 3219 1083 3319 fungeretur.
1131 3231 1202 3298 lla-
1251 3296 1254 3302 .

219 3347 322 3414 buisse
349 3359 515 3439 propterea
541 3347 733 3438 adjutorem,
749 3348 927 3416 lohannem
945 3351 1123 3417 Purraeum
1151 3350 1205 3418 vi-

218 3468 309 3536 detur
325 3476 360 3548 ³,
392 3491 486 3559 quem
515 3466 722 3558 Knpghtonus
750 3473 944 3562 capellanum
975 3471 1072 3554 dixit,
1105 3495 1205 3564 prae-

219 3603 305 3656 terea
324 3589 363 3654 de
383 3593 448 3679 ejus
466 3611 539 3698 oum
557 3589 698 3658 Wioliffo
713 3593 937 3661 consuetudine
952 3594 1068 3663 haecce
1082 3617 1206 3663 memo·

218 3735 308 3782 rans:
346 3700 543 3778 Doctrtlaam
577 3716 743 3804 magistri
770 3717 826 3780 sui
858 3716 1025 3785 solennis
1053 3716 1214 3806 Wyelyf

251 4013 261 4048 ¹
286 4010 362 4077 Apud
377 4010 553 4076 vangionum.
573 4013 632 4064 Vol.
650 4012 688 4065 11.
707 4029 734 4078 p.
753 4011 813 4068 221.

246 4100 257 4136 ²
284 4097 403 4152 tib.1v.
428 4115 484 4167 cap.
504 4098 522 4148 4
540 4104 568 4150 et
587 4096 628 4150 17.
648 4123 680 4137 -·
701 4097 789 4151 tvid.
808 4099 840 4150 da
861 4114 892 4150 eo
912 4114 1006 4166 supra,
1026 4114 1087 4166 pag.
1109 4101 1173 4154 192.
