2586 4718
548 402 561 443 r
612 311 676 375 209

149 537 186 596 iu
208 531 320 596 hostici
334 529 548 608 consecrati,
569 528 696 592 scilicet
712 527 894 617 virtualis,
915 528 1127 617 spiritualis,
1204 604 1207 613 ⁶

149 660 181 717 et
203 651 471 719 sacramentalis.
492 685 561 698 -
583 645 654 713 Sed
662 657 805 738 praeter
828 650 912 712 istos
929 655 999 712 tres
1016 647 1128 713 modos

149 771 300 851 essendi,
334 781 410 837 suut
437 773 507 837 alii
522 778 592 834 tres
612 768 703 834 mooli
722 769 885 834 realiores
905 776 937 834 et
955 772 1126 850 veriores,

147 916 227 982 quos
246 915 366 984 corpus
391 891 522 959 Christi
537 893 757 981 appropriate
776 890 871 955 babet
889 892 924 953 iu
940 890 1039 969 coelo,
1062 891 1127 954 sci·

148 1015 227 1079 licet
250 1013 357 1079 modis
374 1011 506 1077 essendi
521 1012 807 1092 substantialiter,
831 1012 1078 1102 corporaliter,
1097 1019 1128 1075 et

150 1120 455 1214 dimensiouclitcr,
472 1145 534 1202 etc.
547 1141 574 1201 ¹.
623 1129 816 1199 confirmare
835 1131 888 1196 illa
907 1130 1026 1197 studuit
1041 1130 1130 1197 testi·

151 1253 263 1319 moniis
290 1253 367 1319 Jesu
395 1266 426 1319 et
453 1253 580 1319 Petrum
602 1252 771 1322 Ecclesiae.
818 1249 1037 1341 Manifestum
1057 1258 1126 1332 est,

153 1374 213 1452 ait,
232 1395 274 1438 esc
292 1376 494 1439 auctoritate
512 1382 544 1439 et
564 1372 663 1438 dictis
686 1371 833 1453 Christi,
849 1373 1053 1463 quodpauis
1072 1373 1131 1437 illc

141 1494 219 1580 ficit
237 1495 531 1559 sacramaztaliter
551 1516 670 1583 corpus
689 1515 794 1563 suum.
817 1493 913 1560 Tum
933 1516 969 1558 ex
987 1492 1131 1560 Patribus

153 1613 311 1679 Ecclesiae
341 1613 479 1680 laudavit
506 1614 601 1680 verba
620 1614 774 1705 quaedam
794 1615 934 1704 Ignatii,
961 1613 1133 1706 Cypriani,

152 1733 328 1816 Ambrosii,
346 1734 528 1825 Augustini,
545 1735 740 1826 aliorumque
756 1735 932 1805 beatorum.
964 1736 1011 1801 De
1028 1737 1135 1802 Euan·

152 1857 232 1944 gelio
250 1879 323 1922 vero
343 1856 483 1936 locutus,
502 1857 595 1922 unice
615 1855 734 1946 digno,
759 1857 811 1923 cui
830 1855 924 1920 fidem
944 1838 1133 1936 habeamus,

152 1977 337 2043 sicut'dicit
351 1977 580 2068 Augzcstiuus,
599 1977 720 2063 iuquit,
742 1973 823 2039 »Si
841 1996 910 2064 ego
928 1978 1135 2064 quicquam

154 2099 319 2179 dixero,
343 2098 475 2162 colite
497 2104 545 2158 'eu
568 2095 639 2160 lcoc
654 2094 841 2175 crederc;
858 2094 929 2159 seol
941 2097 981 2158 si
999 2093 1138 2163 Chris·
1238 2100 1245 2112 '

153 2226 240 2296 tus,
264 2215 355 2280 uae!
378 2218 447 2305 qui
466 2238 540 2281 uou
560 2214 733 2285 credit.''
753 2253 819 2265 --
838 2213 922 2281 Ideo
939 2217 1020 2280 uae!
1034 2238 1136 2307 geue·

154 2341 284 2402 ratioui
306 2337 503 2418 adulterae,
533 2318 618 2428 quae
634 2339 718 2428 plus
742 2337 852 2403 credit
870 2324 1056 2401 testimonio
1075 2334 1137 2402 Iu·

153 2461 316 2538 uocaotii,
345 2459 399 2523 vel
428 2456 625 2545 Raymuudi
633 2505 643 2538 ,
675 2480 771 2547 quam
802 2460 915 2522 sensui
928 2457 1137 2548 Euangelii,

156 2586 253 2669 capto
274 2578 460 2666 (intellecto)
479 2602 502 2642 a
521 2579 659 2642 testibus
677 2577 898 2669 supradictis.
929 2576 1134 2659 ‘Affirmare,

157 2709 383 2763 sacramentum
413 2696 490 2764 itlud
521 2719 585 2763 esse
605 2696 750 2765 accidens
769 2697 835 2763 siue
854 2675 1016 2787 subjecto,
1036 2719 1138 2789 neque

155 2841 262 2885 verum
283 2840 397 2910 paoem
418 2831 451 2885 et
468 2818 596 2899 viuum,
612 2817 672 2886 hoo
691 2818 879 2885 eontrarium
900 2820 1071 2909 Euangelio
1090 2819 1136 2886 vel

153 2940 287 3005 maxime
305 2961 370 3006 esse
389 2939 509 3010 statuit.
557 2940 609 3006 Et
626 2916 736 3007 tamen
751 2941 809 3028 (sic
824 2940 994 3029 peroravit)
1010 2949 1138 3005 tautum

153 3058 371 3150 magnificaret
405 3059 595 3126 sacerdotes
628 3060 741 3140 Boot,
776 3060 980 3128 mendaciter
1008 3060 1138 3125 indubie
1200 3102 1206 3111 .
1246 3101 1253 3116 =

145 3181 253 3270 juxta
272 3183 396 3247 scolam
409 3184 622 3270 patrissui,
642 3170 917 3246 consecrationem
937 3181 1034 3269 hujus
1050 3185 1140 3247 acci·
1183 3211 1185 3223 ·

156 3301 263 3368 dentis
274 3353 291 3384 ,
315 3301 406 3394 quod
422 3309 578 3392 reputem
595 3300 728 3368 Missas
746 3302 838 3367 alias
858 3301 1021 3392 indiguas
1039 3299 1139 3368 audi-

157 3425 214 3500 ri,
243 3425 296 3488 oel
322 3424 565 3506 dissentientes·
582 3425 655 3488 suis
687 3421 870 3489 mmdam‘is
889 3423 1052 3490 inhabiles
1071 3426 1139 3490 ali·

121 3720 124 3726 ’
191 3714 201 3751 1
226 3737 279 3751 -·
300 3713 331 3762 lte
353 3706 548 3781 plumqes'us,
577 3715 614 3764 uit
638 3715 671 3764 Le
688 3715 754 3775 uas,
773 3716 833 3764 imto
850 3730 868 3764 a
880 3716 987 3782 perfect
1002 3714 1101 3779 jrmqle
1116 3717 1148 3778 of

224 3801 464 3864 arqumeatats'om,
491 3801 524 3850 im
550 3801 640 3850 subicis
666 3797 685 3847 1
706 3799 813 3865 profess
833 3799 935 3865 myaolf
947 3799 1044 3848 unable
1063 3803 1090 3847 to
1105 3814 1147 3847 see

223 3899 268 3949 my
288 3899 348 3934 osor
362 3900 438 3948 way,
458 3884 515 3934 aad
529 3884 646 3949 tltrouqb
667 3882 755 3933 sobicls
774 3880 793 3930 1
811 3882 944 3947 therefore
962 3882 1021 3931 ottt
1038 3888 1087 3930 mot
1103 3889 1145 3931 ct·

226 3974 311 4033 tempi
336 3974 363 4019 to
392 3969 505 4018 contum
529 3961 576 4020 tto
596 3970 701 4020 roader.
719 3985 747 4033 p.
766 3965 827 4020 276.
864 3968 953 4030 Neque
970 3967 1150 4032 mihiquoque

226 4051 348 4110 oberrare,
370 4053 445 4106 lubet
468 4053 582 4120 aliosque
599 4053 792 4106 circumducere
812 4069 858 4121 peu
875 4052 952 4103 istum
969 4051 1150 4117 labyrinthum.

938 4158 967 4197 ld
