2586 4718
662 217 724 282 128

202 445 265 502 tem
291 430 504 500 sacramenta
522 429 686 520 quaelibet
704 429 898 521 conferendi
907 478 918 513 ,
942 441 975 498 et
983 454 1054 526 per
1069 456 1198 507 com

198 576 321 648 pueros,
340 553 512 646 premlibel
527 559 702 618 contritum
716 577 740 619 a
751 560 891 645 peccato
909 555 1052 643 quolibet
1065 556 1200 628 'abrol-

197 677 308 747 Μ.
572 714 575 722 ,
670 712 674 719 .

244 795 352 865 XVII.
374 794 468 862 Licet
486 795 619 885 regibus
631 803 663 875 ¹,
683 795 821 885 auferre
839 797 1039 888 temporalia
1054 822 1081 865 a
1092 803 1195 869 uin‘e

198 916 453 983 Bccleeraetrcis
463 964 472 995 ,
492 917 583 1006 ipsis
599 916 801 982 abutentibus
819 916 1048 988 habitualiter.
1098 978 1102 987 .

245 1034 365 1104 xvlss.
390 1032 470 1102 Siue
494 1033 624 1100 domini
646 1038 866 1126 temporales,
889 1040 957 1103 sire
973 1040 1087 1104 sancti
1102 1035 1208 1107 Pa-.

189 1177 281 1248 poe,
316 1158 386 1222 siue
417 1154 542 1222 Pelrree
552 1203 564 1236 ,
592 1159 660 1221 siue
687 1165 788 1246 capul
815 1154 1015 1247 Ecclesiae,
1043 1161 1106 1249 qui
1129 1170 1190 1228 est

200 1275 376 1357 christos,
406 1261 596 1342 dotaverint
622 1277 815 1344 Ecclesiam
839 1278 932 1344 bonis
945 1280 1113 1367 fortunae
1130 1283 1192 1349 oet

195 1401 353 1487 gratiae,
377 1405 409 1463 et
434 1401 790 1466 excommunicaverint
808 1399 878 1488 ejus
896 1401 1097 1490 temporalia
1115 1425 1189 1470 arc·

187 1520 363 1609 feretrios,
386 1519 465 1582 licet
488 1526 596 1584 tamen
608 1567 618 1600 ,
630 1527 777 1610 propter
795 1520 1011 1586 conditionem
1028 1522 1188 1611 implici-

196 1647 265 1705 tam
295 1637 415 1704 oleliclo
425 1639 715 1729 proportionabili
725 1686 737 1721 ,
755 1662 828 1706 enm
847 1641 1081 1732 temporalibus
1099 1663 1189 1734 spo-

197 1761 289 1826 liare
299 1767 329 1829 ².

244 1878 333 1948 xlx.
357 1879 641 1960 Ecclesiasticus,
662 1882 760 1946 immo
772 1888 804 1946 et
818 1879 988 1947 Romanus
1001 1879 1188 1972 Pontifex,

188 2008 304 2092 polest
322 2002 472 2092 legitime
489 2025 513 2067 a
532 1998 675 2066 nobolitir
694 2009 726 2066 et
743 1999 843 2068 laico'e
861 2003 1012 2091 corripi,
1029 2009 1062 2067 et
1078 2000 1197 2072 ettam

195 2123 357 2187 coornari
367 2128 397 2195 ³.

242 2362 336 2430 Hisce
354 2361 451 2453 igitur
469 2361 638 2453 Gregorius
656 2363 828 2430 concitatus
849 2363 994 2453 placitis,
1018 2362 1051 2430 in
1071 2363 1163 2432 hullt
1173 2414 1187 2449 ,

195 2505 291 2572 quom
306 2483 390 2549 misit
403 2481 443 2548 ad
458 2482 699 2550 Universitatem
710 2482 936 2567 Oroniensem,
950 2482 1072 2574 scripsit
1080 2482 1184 2557 haee:

197 2627 220 2668 »
230 2592 339 2671 Mirari
369 2604 510 2692 cogimur
539 2616 570 2670 ct
594 2603 720 2685 dolere,
746 2603 829 2694 quod
849 2629 902 2670 vos
919 2618 1047 2694 propter
1066 2606 1187 2693 gratias

197 2735 230 2789 et
256 2723 419 2814 privilegia
448 2736 566 2806 vestra,
596 2722 710 2792 Studio
740 2722 907 2791 Oxoniensi
934 2726 975 2791 ab
998 2725 1186 2816 Apostolici

223 2871 518 2885 *—

220 2953 223 2960 ·
257 2938 364 3001 gratiae
384 2938 460 2988 babet
474 2947 653 3005 potestatem,
671 2942 906 3007 secundumquanr
914 2949 1192 3007 postulassemus

258 3023 433 3083 ministrare,
464 3032 490 3073 et
506 3041 558 3090 per
575 3040 756 3090 consequens,
775 3026 828 3075 sibi
844 3027 996 3091 consessum
1014 3029 1047 3077 ele
1062 3043 1190 3094 quocun-

261 3121 312 3171 que
328 3113 439 3171 peccato
458 3111 607 3158 contritum
624 3110 769 3159 absoluere.

225 3193 236 3229 ¹
259 3192 324 3242 Add.
346 3194 378 3242 in
395 3192 502 3245 boribus
518 3196 647 3246 limitatio
664 3211 681 3245 a
691 3199 767 3261 jure.
790 3212 794 3218 ·

124 3307 127 3312 -
225 3277 237 3314 ²
262 3278 331 3326 Haec
355 3280 483 3328 sententie
508 3280 575 3346 opud
601 3280 744 3329 Wicliffum
771 3279 807 3327 ile
833 3294 861 3328 se
881 3279 976 3334 hubeis
999 3279 1063 3330 Sire
1079 3280 1189 3334 domini

260 3362 434 3425 temporales,
452 3364 509 3412 rioe
524 3365 679 3428 quicunque
692 3362 744 3411 alii
753 3397 760 3422 ,
779 3364 933 3414 dotaverint
948 3365 1096 3415 Ecclesiam
1114 3372 1185 3416 tem·

256 3444 412 3507 poralibur,
442 3445 506 3494 licet
532 3447 586 3506 eir,
609 3448 641 3495 in
664 3460 744 3507 carno,
765 3449 877 3514 auferre
893 3450 1054 3514 temporalia
1070 3452 1188 3503 medici·

227 3559 229 3563 1
260 3527 379 3588 naliter,
408 3529 444 3577 acl
463 3531 581 3579 canenda
597 3537 731 3595 peccata,
754 3533 949 3582 nonobstante
968 3537 1188 3588 excommunica·
1223 3553 1226 3559 ·

208 3672 210 3677 ,
262 3613 351 3671 tione,
378 3612 419 3661 oei
449 3613 507 3662 alil
533 3618 647 3666 consecret
675 3616 881 3676 Ecclesiastico,
911 3634 972 3668 cnm
987 3636 1043 3671 non
1059 3621 1118 3671 niti
1134 3625 1187 3674 eut

260 3699 414 3747 conditione
427 3697 564 3762 implicito
583 3707 648 3750 runt
663 3703 772 3751 donata.

223 3780 235 3816 ³
259 3781 327 3830 Haec
341 3781 468 3830 sententie
482 3783 549 3847 apud
559 3785 701 3834 Wicliffum
711 3785 746 3833 ita
756 3785 858 3848 legitur:
872 3787 1089 3851 Ecclesiasticus,
1099 3790 1187 3842 etiam

244 3933 246 3936 .
260 3864 399 3914 Romanus
415 3865 563 3932 Pantifoa,
578 3876 669 3935 potest
677 3868 797 3934 legitime
813 3888 831 3921 a
841 3875 957 3926 eubditis
969 3878 1071 3941 corrigi
1080 3878 1116 3926 acl
1124 3879 1185 3928 uti·

259 3948 365 3998 litatem
373 3948 525 4012 Ecclesiae,
536 3961 577 4016 et,
591 3962 647 4005 tom
657 3970 675 4004 a
685 3955 808 4020 clericis,
820 3974 901 4024 quam
911 3962 1035 4023 niaicie,
1046 3965 1184 4018 accurari.
