2586 4718
658 285 719 345 138

199 494 339 561 doctores
366 489 569 559 scholasticos
595 489 628 555 in
655 489 775 557 deliciis
801 489 945 559 habuisse
960 497 1200 585 μηκώνια-,κ

198 616 261 682 sire
285 610 324 679 sd
345 609 560 677 ostentandum
581 610 764 699 ingenium,
781 615 844 679 sive
861 612 900 678 sd
920 616 1179 703 placita,.andi-

197 746 299 801 torum
326 731 456 798 excitaui
481 730 579 796 enimi
602 732 793 813 attentione,
822 733 943 800 facilius
962 736 1176 824 inculcanda,

155 825 158 844 ¹
197 853 399 946 quamobrem
435 851 594 918 Wiclifl'us
626 874 750 942 quoqne
782 853 820 921 iis
857 875 928 921 nans
961 868 1020 934 est,
1074 859 1177 926 Plnru

197 976 292 1065 igitur
325 971 477 1064 paradoxa
508 972 569 1038 illis
602 970 741 1039 thesibus
773 974 915 1055 inerant,
950 998 1049 1064 quae,
1081 977 1181 1047 nude

197 1107 370 1186 spectatae,
400 1090 574 1174 absurdae,
599 1092 665 1159 imo
690 1115 761 1159 vero
787 1095 902 1184 impiae
925 1097 1091 1162 nonnullae
1114 1098 1176 1164 vi-

195 1218 366 1286 debanturs
384 1263 386 1266 ,
403 1228 603 1280 veruntamen
641 1215 816 1303 expositae,
852 1215 969 1306 quippe
1002 1216 1103 1282 bonae
1136 1230 1176 1286 ct

193 1361 283 1407 sanae
310 1335 496 1415 sententiae,
527 1335 821 1423 comprobabantnr.
874 1337 945 1405 Non
974 1339 1088 1402 mirum
1117 1337 1176 1404 id-

193 1461 298 1540 circo,
327 1470 490 1548 postquam
517 1455 675 1522 Wicliffus
702 1453 826 1540 theses,
855 1478 934 1547 quae
955 1458 984 1522 ei
1003 1457 1172 1526 adscribe-

192 1582 325 1658 bantur,
343 1587 523 1667 exposuerat
532 1624 544 1655 ,
564 1575 675 1642 multus
694 1598 798 1673 earnm
819 1574 968 1643 haeretici
986 1576 1063 1667 quid
1081 1577 1172 1646 baud

192 1699 324 1791 amplius
342 1718 459 1767 sonare.
501 1696 574 1765 Jam
595 1717 665 1763 vero
684 1696 863 1779 adversarii,
879 1698 934 1787 qui
948 1711 1083 1766 mentem
1100 1701 1171 1789 ejus

192 1834 281 1888 snten
299 1840 362 1885 non
379 1829 618 1908 perspexerunt,
639 1822 730 1885 eccel
746 1810 952 1900 clamabant,
974 1818 1057 1885 dicta
1077 1841 1174 1887 revo-

192 1952 336 2031 cat'prae
355 1938 467 2006 timore
478 1961 488 2020 3
509 1959 592 2003 nnnc
610 1938 700 2005 aliter
720 1940 885 2007 sententias
903 1963 971 2005 suas
991 1939 1145 2030 explicati

235 2179 400 2270 Agedum,
433 2176 482 2244 his
502 2178 729 2268 praemonitis,
757 2180 947 2269 exploremus
966 2177 1169 2257 doctrinam,

189 2326 281 2395 quam
309 2299 443 2368 Wicliffi
469 2311 602 2389 utruque
628 2298 761 2366 thesium
785 2299 934 2389 expositio
952 2298 1090 2365 continet
1102 2322 1112 2382 ;
1134 2314 1173 2369 et

188 2424 364 2503 rideamus,
384 2445 460 2487 num
478 2420 558 2488 haec
575 2418 886 2510 doctrina·ejusmodi
904 2420 959 2500 sit,
980 2431 1032 2498 ut,
1050 2419 1169 2486 collata

188 2567 259 2611 cum
286 2545 359 2634 ipsis
387 2541 524 2610 thesibus
552 2564 610 2632 per
637 2563 691 2623 se,
721 2564 782 2607 nou
811 2541 965 2630 amplius,
991 2540 1042 2605 tel
1060 2540 1175 2609 miuus·
1259 2590 1262 2594 ›

159 2673 160 2677 ’
187 2665 294 2732 saltem
303 2714 312 2744 ,
328 2662 482 2728 haeretica
498 2663 598 2728 videri
612 2667 749 2753 potnerit
760 2659 962 2726 Hierarchise
972 2659 1169 2732 vindicibus.

231 2785 374 2852 Protinus
399 2796 502 2849 antem
526 2782 600 2875 pie,
619 2782 760 2860 sincere,
779 2778 917 2846 modeste
947 2793 1039 2870 atque
1059 2779 1167 2848 intre-

187 2905 262 2998 pide
288 2903 399 2983 simul,
431 2904 462 2968 in
492 2900 667 2992 prolusione
693 2896 771 2963 haec
798 2921 870 2965 enm
894 2900 1041 2965 fetentem
1064 2899 1166 2967 audi-

186 3049 273 3094 mus:
309 3023 387 3090 »In
406 3025 582 3113 priszmpio
604 3028 774 3110 protestor
790 3021 942 3111 publice,
961 3025 1046 3086 siout
1063 3043 1171 3113 saepse-

178 3149 254 3237 feci
274 3148 384 3226 alius,
405 3144 494 3234 quud
501 3164 655 3235 propono
672 3150 703 3205 et
721 3143 793 3207 coln
811 3164 853 3208 ex
873 3151 939 3209 tcto
957 3124 1162 3225 cordc'meo,

247 3430 368 3487 curiam,
396 3419 598 3486 transportata,
610 3421 674 3469 etc.
695 3417 722 3468 id
738 3422 796 3468 ests
816 3417 885 3482 quod
902 3418 996 3467 attinet
1012 3416 1044 3467 ad
1059 3416 1164 3483 opinin-

139 3541 141 3557 .
244 3528 307 3572 nes,
335 3524 399 3574 quas
424 3505 514 3572 pueri,
541 3503 656 3553 homines
682 3518 769 3568 parum
789 3502 986 3565 intelligentes,
1016 3502 1105 3551 levent
1131 3502 1169 3555 de
1261 3570 1264 3575 ¹

245 3594 379 3652 doctrind,
404 3605 479 3654 quam
506 3587 582 3636 docui
598 3589 626 3637 in
646 3587 741 3637 scholis
758 3590 785 3635 et
801 3584 878 3645 alibi,
898 3589 926 3635 el
942 3602 1021 3649 quas,
1040 3591 1163 3650 tanquam

243 3695 329 3738 mens,
350 3675 528 3732 diffamarunt,
548 3674 611 3736 quin
630 3670 754 3723 etiamad
773 3671 868 3719 curiam
886 3668 1023 3721 Romanam
1041 3674 1163 3722 &anemi-

244 3763 334 3812 serunt
355 3758 416 3818 alii,
447 3757 492 3818 qni
516 3771 568 3805 nnn
596 3761 696 3807 tantum
722 3753 851 3821 pueriles,
881 3754 925 3804 sed
949 3757 1075 3807 vaferrimi
1102 3761 1165 3807 suni

242 3841 374 3900 homines,
402 3841 454 3887 etc.
490 3839 576 3903 Atque
604 3853 731 3906 exponens
757 3832 843 3886 thesin
872 3841 991 3903 tertiam,
1019 3841 1073 3890 aits
1102 3839 1166 3892 Isto

245 3924 379 3978 conclusio
386 3922 449 3989 fuit
461 3922 614 3974 lateraliter
627 3924 666 3987 (id
680 3925 734 3979 est,
751 3937 765 3970 n
780 3920 875 3984 latere,
890 3924 974 3973 obiter
989 3925 1016 3973 in
1030 3925 1165 3988 colloquio

247 4010 368 4075 quodam)
388 4010 462 4061 dictu
477 4012 528 4060 nna·
545 4011 664 4071 doctori,
681 4007 871 4073 escqm'flcuots'
888 4016 977 4060 cartus
992 4010 1141 4061 bominum.
