<?xml version="1.0" encoding="UTF-8"?>
<!DOCTYPE html PUBLIC "-//W3C//DTD XHTML 1.0 Transitional//EN"
    "http://www.w3.org/TR/xhtml1/DTD/xhtml1-transitional.dtd">
<html xmlns="http://www.w3.org/1999/xhtml" xml:lang="en" lang="en">
 <head>
  <title>
</title>
<meta http-equiv="Content-Type" content="text/html;charset=utf-8" />
  <meta name='ocr-system' content='tesseract 3.04.00' />
  <meta name='ocr-capabilities' content='ocr_page ocr_carea ocr_par ocr_line ocrx_word'/>
</head>
<body>
  <div class='ocr_page' id='page_1' title='image "./diatribeinjohan00unkngoog_0045.png"; bbox 0 0 2586 4718; ppageno 0'>
   <div class='ocr_carea' id='block_1_1' title="bbox 631 264 711 324">
    <p class='ocr_par' dir='ltr' id='par_1_1' title="bbox 631 264 711 324">
     <span class='ocr_line' id='line_1_1' title="bbox 631 264 711 324; baseline -0.1 1"><span class='ocrx_word' id='word_1_1' title='bbox 631 264 711 324; x_wconf 82' lang='lat'>24.</span> 
     </span>
    </p>
   </div>
   <div class='ocr_carea' id='block_1_2' title="bbox 67 466 1147 1795">
    <p class='ocr_par' dir='ltr' id='par_1_2' title="bbox 67 466 1147 1795">
     <span class='ocr_line' id='line_1_2' title="bbox 86 466 1142 574; baseline -0.001 -23"><span class='ocrx_word' id='word_1_2' title='bbox 86 466 88 472; x_wconf 42' lang='grc'><strong>’</strong></span> <span class='ocrx_word' id='word_1_3' title='bbox 164 483 277 574; x_wconf 91' lang='lat' dir='ltr'>quibus</span> <span class='ocrx_word' id='word_1_4' title='bbox 307 480 419 571; x_wconf 89' lang='lat' dir='ltr'>optimi</span> <span class='ocrx_word' id='word_1_5' title='bbox 443 477 562 569; x_wconf 89' lang='lat' dir='ltr'>quique</span> <span class='ocrx_word' id='word_1_6' title='bbox 585 476 646 544; x_wconf 87' lang='lat' dir='ltr'>illis</span> <span class='ocrx_word' id='word_1_7' title='bbox 664 476 857 568; x_wconf 83' lang='lat' dir='ltr'><strong>temporibus</strong></span> <span class='ocrx_word' id='word_1_8' title='bbox 875 477 1011 573; x_wconf 76' lang='lat' dir='ltr'><strong>theologi</strong></span> <span class='ocrx_word' id='word_1_9' title='bbox 1028 505 1060 550; x_wconf 88' lang='lat' dir='ltr'>se</span> <span class='ocrx_word' id='word_1_10' title='bbox 1077 485 1142 551; x_wconf 89' lang='lat' dir='ltr'>im·</span> 
     </span>
     <span class='ocr_line' id='line_1_3' title="bbox 164 598 1139 694; baseline 0.003 -23"><span class='ocrx_word' id='word_1_11' title='bbox 164 602 421 670; x_wconf 89' lang='lat' dir='ltr'>bueresolebant.</span> <span class='ocrx_word' id='word_1_12' title='bbox 459 599 563 689; x_wconf 75' lang='lat' dir='ltr'>Atque</span> <span class='ocrx_word' id='word_1_13' title='bbox 573 598 627 665; x_wconf 89' lang='lat' dir='ltr'>hic</span> <span class='ocrx_word' id='word_1_14' title='bbox 636 598 832 691; x_wconf 74' lang='lat' dir='ltr'>philosophiis</span> <span class='ocrx_word' id='word_1_15' title='bbox 842 612 873 668; x_wconf 93' lang='lat' dir='ltr'>et</span> <span class='ocrx_word' id='word_1_16' title='bbox 884 600 1038 694; x_wconf 76' lang='lat' dir='ltr'>theologii</span> <span class='ocrx_word' id='word_1_17' title='bbox 1049 605 1139 673; x_wconf 88' lang='lat' dir='ltr'>scho-</span> 
     </span>
     <span class='ocr_line' id='line_1_4' title="bbox 67 720 1147 818; baseline 0.002 -27"><span class='ocrx_word' id='word_1_18' title='bbox 67 766 70 773; x_wconf 78' lang='lat'>,</span> <span class='ocrx_word' id='word_1_19' title='bbox 160 726 286 802; x_wconf 70' lang='lat' dir='ltr'>ludici,</span> <span class='ocrx_word' id='word_1_20' title='bbox 312 723 393 812; x_wconf 86' lang='lat' dir='ltr'>juris</span> <span class='ocrx_word' id='word_1_21' title='bbox 422 720 547 801; x_wconf 92' lang='lat' dir='ltr'>studio,</span> <span class='ocrx_word' id='word_1_22' title='bbox 578 721 676 787; x_wconf 88' lang='lat' dir='ltr'>literis</span> <span class='ocrx_word' id='word_1_23' title='bbox 701 721 857 810; x_wconf 83' lang='lat' dir='ltr'>imprimis</span> <span class='ocrx_word' id='word_1_24' title='bbox 882 726 994 805; x_wconf 90' lang='lat' dir='ltr'>sacris,</span> <span class='ocrx_word' id='word_1_25' title='bbox 1019 723 1147 818; x_wconf 71' lang='lat' dir='ltr'>egregie·</span> 
     </span>
     <span class='ocr_line' id='line_1_5' title="bbox 162 842 1141 936; baseline 0.001 -24"><span class='ocrx_word' id='word_1_26' title='bbox 162 845 318 924; x_wconf 85' lang='lat' dir='ltr'>eruditus,</span> <span class='ocrx_word' id='word_1_27' title='bbox 336 865 480 931; x_wconf 88' lang='lat' dir='ltr'>magnam</span> <span class='ocrx_word' id='word_1_28' title='bbox 497 842 644 933; x_wconf 83' lang='lat' dir='ltr'>deinceps</span> <span class='ocrx_word' id='word_1_29' title='bbox 660 843 740 908; x_wconf 83' lang='lat' dir='ltr'>ritae</span> <span class='ocrx_word' id='word_1_30' title='bbox 757 857 876 932; x_wconf 81' lang='lat' dir='ltr'>partein</span> <span class='ocrx_word' id='word_1_31' title='bbox 887 846 1052 936; x_wconf 73' lang='lat' dir='ltr'>transegit,</span> <span class='ocrx_word' id='word_1_32' title='bbox 1063 846 1141 913; x_wconf 93' lang='lat' dir='ltr'>illud</span> 
     </span>
     <span class='ocr_line' id='line_1_6' title="bbox 160 963 1142 1057; baseline 0.001 -25"><span class='ocrx_word' id='word_1_33' title='bbox 160 967 311 1054; x_wconf 88' lang='lat' dir='ltr'>ingressus</span> <span class='ocrx_word' id='word_1_34' title='bbox 337 963 492 1045; x_wconf 90' lang='lat' dir='ltr'>stadium,</span> <span class='ocrx_word' id='word_1_35' title='bbox 513 967 545 1029; x_wconf 91' lang='lat' dir='ltr'>in</span> <span class='ocrx_word' id='word_1_36' title='bbox 567 988 630 1054; x_wconf 92' lang='lat' dir='ltr'>quo</span> <span class='ocrx_word' id='word_1_37' title='bbox 649 985 800 1030; x_wconf 89' lang='lat' dir='ltr'>summam</span> <span class='ocrx_word' id='word_1_38' title='bbox 820 964 948 1054; x_wconf 90' lang='lat' dir='ltr'>quidem</span> <span class='ocrx_word' id='word_1_39' title='bbox 967 989 1142 1057; x_wconf 82' lang='lat' dir='ltr'>conseque-</span> 
     </span>
     <span class='ocr_line' id='line_1_7' title="bbox 160 1085 1140 1177; baseline 0.001 -25"><span class='ocrx_word' id='word_1_40' title='bbox 160 1100 247 1153; x_wconf 89' lang='lat' dir='ltr'>retur</span> <span class='ocrx_word' id='word_1_41' title='bbox 269 1086 416 1175; x_wconf 77' lang='lat' dir='ltr'>gloriam,</span> <span class='ocrx_word' id='word_1_42' title='bbox 441 1085 494 1151; x_wconf 88' lang='lat' dir='ltr'>scd</span> <span class='ocrx_word' id='word_1_43' title='bbox 511 1085 703 1175; x_wconf 83' lang='lat' dir='ltr'>gravissimas</span> <span class='ocrx_word' id='word_1_44' title='bbox 722 1087 816 1150; x_wconf 86' lang='lat' dir='ltr'>etiam</span> <span class='ocrx_word' id='word_1_45' title='bbox 836 1107 997 1152; x_wconf 80' lang='lat' dir='ltr'>aerumnas</span> <span class='ocrx_word' id='word_1_46' title='bbox 1018 1089 1140 1177; x_wconf 79' lang='lat' dir='ltr'>experi-</span> 
     </span>
     <span class='ocr_line' id='line_1_8' title="bbox 160 1204 1142 1296; baseline 0.001 -22"><span class='ocrx_word' id='word_1_47' title='bbox 160 1221 256 1277; x_wconf 91' lang='lat' dir='ltr'>retur.</span> <span class='ocrx_word' id='word_1_48' title='bbox 305 1208 345 1272; x_wconf 82' lang='lat' dir='ltr'>llt</span> <span class='ocrx_word' id='word_1_49' title='bbox 369 1208 475 1296; x_wconf 89' lang='lat' dir='ltr'>prouti</span> <span class='ocrx_word' id='word_1_50' title='bbox 499 1205 574 1271; x_wconf 91' lang='lat' dir='ltr'>huic</span> <span class='ocrx_word' id='word_1_51' title='bbox 598 1204 787 1271; x_wconf 76' lang='lat' dir='ltr'>&#39;Academiae</span> <span class='ocrx_word' id='word_1_52' title='bbox 811 1207 910 1274; x_wconf 87' lang='lat' dir='ltr'>multu</span> <span class='ocrx_word' id='word_1_53' title='bbox 928 1205 1055 1289; x_wconf 83' lang='lat' dir='ltr'>debuit,</span> <span class='ocrx_word' id='word_1_54' title='bbox 1078 1210 1142 1292; x_wconf 91' lang='lat' dir='ltr'>ita,</span> 
     </span>
     <span class='ocr_line' id='line_1_9' title="bbox 155 1304 1141 1420; baseline 0.003 -25"><span class='ocrx_word' id='word_1_55' title='bbox 155 1304 244 1420; x_wconf 29' lang='lat' dir='ltr'>*quod</span> <span class='ocrx_word' id='word_1_56' title='bbox 266 1341 399 1417; x_wconf 56' lang='lat' dir='ltr'>‚gratum</span> <span class='ocrx_word' id='word_1_57' title='bbox 434 1328 575 1417; x_wconf 86' lang='lat' dir='ltr'>profecto</span> <span class='ocrx_word' id='word_1_58' title='bbox 604 1350 675 1416; x_wconf 89' lang='lat' dir='ltr'>erga</span> <span class='ocrx_word' id='word_1_59' title='bbox 703 1329 817 1394; x_wconf 85' lang='lat' dir='ltr'>almam</span> <span class='ocrx_word' id='word_1_60' title='bbox 846 1330 978 1417; x_wconf 69' lang='lat' dir='ltr'>lintrem</span> <span class='ocrx_word' id='word_1_61' title='bbox 1008 1329 1141 1398; x_wconf 85' lang='lat' dir='ltr'>decebat</span> 
     </span>
     <span class='ocr_line' id='line_1_10' title="bbox 161 1447 1141 1539; baseline 0.002 -23"><span class='ocrx_word' id='word_1_62' title='bbox 161 1451 342 1530; x_wconf 89' lang='lat' dir='ltr'>alumnum,</span> <span class='ocrx_word' id='word_1_63' title='bbox 367 1449 525 1538; x_wconf 87' lang='lat' dir='ltr'>praeclare</span> <span class='ocrx_word' id='word_1_64' title='bbox 545 1471 668 1539; x_wconf 89' lang='lat' dir='ltr'>quoque</span> <span class='ocrx_word' id='word_1_65' title='bbox 690 1447 729 1513; x_wconf 91' lang='lat' dir='ltr'>de</span> <span class='ocrx_word' id='word_1_66' title='bbox 747 1451 783 1514; x_wconf 76' lang='lat' dir='ltr'>eal</span> <span class='ocrx_word' id='word_1_67' title='bbox 800 1449 929 1516; x_wconf 88' lang='lat' dir='ltr'>meritus</span> <span class='ocrx_word' id='word_1_68' title='bbox 949 1464 1004 1519; x_wconf 87' lang='lat' dir='ltr'>est.</span> <span class='ocrx_word' id='word_1_69' title='bbox 1055 1454 1141 1537; x_wconf 85' lang='lat' dir='ltr'>Quo-</span> 
     </span>
     <span class='ocr_line' id='line_1_11' title="bbox 159 1570 1138 1660; baseline 0 -23"><span class='ocrx_word' id='word_1_70' title='bbox 159 1573 242 1637; x_wconf 87' lang='lat' dir='ltr'>circa</span> <span class='ocrx_word' id='word_1_71' title='bbox 271 1583 343 1636; x_wconf 89' lang='lat' dir='ltr'>aute</span> <span class='ocrx_word' id='word_1_72' title='bbox 372 1592 466 1659; x_wconf 87' lang='lat' dir='ltr'>quarn</span> <span class='ocrx_word' id='word_1_73' title='bbox 491 1570 685 1659; x_wconf 82' lang='lat' dir='ltr'>exploremus</span> <span class='ocrx_word' id='word_1_74' title='bbox 709 1572 804 1660; x_wconf 85' lang='lat' dir='ltr'>paulo</span> <span class='ocrx_word' id='word_1_75' title='bbox 832 1572 978 1651; x_wconf 88' lang='lat' dir='ltr'>interius,</span> <span class='ocrx_word' id='word_1_76' title='bbox 1003 1594 1138 1660; x_wconf 88' lang='lat' dir='ltr'>quanam</span> 
     </span>
     <span class='ocr_line' id='line_1_12' title="bbox 158 1672 1139 1795; baseline 0.003 -38"><span class='ocrx_word' id='word_1_77' title='bbox 158 1694 277 1759; x_wconf 86' lang='lat' dir='ltr'>ratione</span> <span class='ocrx_word' id='word_1_78' title='bbox 296 1691 454 1758; x_wconf 85' lang='lat' dir='ltr'>Wicliffus</span> <span class='ocrx_word' id='word_1_79' title='bbox 471 1691 534 1758; x_wconf 92' lang='lat' dir='ltr'>illic</span> <span class='ocrx_word' id='word_1_80' title='bbox 553 1672 714 1777; x_wconf 83' lang='lat' dir='ltr'>institutus</span> <span class='ocrx_word' id='word_1_81' title='bbox 729 1693 909 1795; x_wconf 87' lang='lat' dir='ltr'>sit,operae</span> <span class='ocrx_word' id='word_1_82' title='bbox 927 1693 1065 1783; x_wconf 91' lang='lat' dir='ltr'>pretium</span> <span class='ocrx_word' id='word_1_83' title='bbox 1080 1697 1139 1761; x_wconf 87' lang='lat' dir='ltr'>crit</span> 
     </span>
    </p>
   </div>
   <div class='ocr_carea' id='block_1_3' title="bbox 49 1811 1139 1903">
    <p class='ocr_par' dir='ltr' id='par_1_3' title="bbox 49 1811 1139 1903">
     <span class='ocr_line' id='line_1_13' title="bbox 49 1811 1139 1903; baseline 0 -24"><span class='ocrx_word' id='word_1_84' title='bbox 49 1892 51 1897; x_wconf 23' lang='grc' dir='ltr'>Ι</span> <span class='ocrx_word' id='word_1_85' title='bbox 89 1870 91 1874; x_wconf 20' lang='lat' dir='ltr'>a</span> <span class='ocrx_word' id='word_1_86' title='bbox 158 1813 198 1879; x_wconf 85' lang='lat' dir='ltr'>ad</span> <span class='ocrx_word' id='word_1_87' title='bbox 217 1814 308 1903; x_wconf 85' lang='lat' dir='ltr'>hujus</span> <span class='ocrx_word' id='word_1_88' title='bbox 324 1813 539 1880; x_wconf 78' lang='lat' dir='ltr'>Universitatis</span> <span class='ocrx_word' id='word_1_89' title='bbox 557 1812 616 1878; x_wconf 91' lang='lat' dir='ltr'>hoc</span> <span class='ocrx_word' id='word_1_90' title='bbox 626 1835 701 1878; x_wconf 85' lang='lat' dir='ltr'>aero</span> <span class='ocrx_word' id='word_1_91' title='bbox 710 1811 921 1878; x_wconf 88' lang='lat' dir='ltr'>conditionem</span> <span class='ocrx_word' id='word_1_92' title='bbox 932 1815 1072 1881; x_wconf 87' lang='lat' dir='ltr'>animum</span> <span class='ocrx_word' id='word_1_93' title='bbox 1082 1813 1139 1880; x_wconf 92' lang='lat' dir='ltr'>ad·</span> 
     </span>
    </p>
   </div>
   <div class='ocr_carea' id='block_1_4' title="bbox 155 1932 1138 2148">
    <p class='ocr_par' dir='ltr' id='par_1_4' title="bbox 155 1932 1138 2148">
     <span class='ocr_line' id='line_1_14' title="bbox 157 1932 1138 2024; baseline 0.003 -24"><span class='ocrx_word' id='word_1_94' title='bbox 157 1947 298 2016; x_wconf 83' lang='lat' dir='ltr'>vertere;</span> <span class='ocrx_word' id='word_1_95' title='bbox 322 1956 401 2024; x_wconf 89' lang='lat' dir='ltr'>quae</span> <span class='ocrx_word' id='word_1_96' title='bbox 418 1932 545 2023; x_wconf 89' lang='lat' dir='ltr'>quidem</span> <span class='ocrx_word' id='word_1_97' title='bbox 562 1932 788 2000; x_wconf 84' lang='lat' dir='ltr'>animadversio</span> <span class='ocrx_word' id='word_1_98' title='bbox 801 1934 893 1999; x_wconf 89' lang='lat' dir='ltr'>simul</span> <span class='ocrx_word' id='word_1_99' title='bbox 903 1936 1002 2002; x_wconf 82' lang='lat' dir='ltr'>valeat</span> <span class='ocrx_word' id='word_1_100' title='bbox 1012 1934 1050 2000; x_wconf 92' lang='lat' dir='ltr'>ad</span> <span class='ocrx_word' id='word_1_101' title='bbox 1061 1960 1138 2003; x_wconf 90' lang='lat' dir='ltr'>nou·</span> 
     </span>
     <span class='ocr_line' id='line_1_15' title="bbox 155 2053 1136 2148; baseline 0.005 -26"><span class='ocrx_word' id='word_1_102' title='bbox 155 2057 254 2129; x_wconf 89' lang='lat' dir='ltr'>nullas</span> <span class='ocrx_word' id='word_1_103' title='bbox 273 2078 322 2122; x_wconf 88' lang='lat' dir='ltr'>res</span> <span class='ocrx_word' id='word_1_104' title='bbox 338 2054 551 2133; x_wconf 90' lang='lat' dir='ltr'>illustrandas,</span> <span class='ocrx_word' id='word_1_105' title='bbox 568 2079 644 2144; x_wconf 91' lang='lat' dir='ltr'>quas</span> <span class='ocrx_word' id='word_1_106' title='bbox 659 2053 773 2120; x_wconf 92' lang='lat' dir='ltr'>deinde</span> <span class='ocrx_word' id='word_1_107' title='bbox 788 2078 893 2133; x_wconf 84' lang='lat' dir='ltr'>sumus</span> <span class='ocrx_word' id='word_1_108' title='bbox 907 2058 1136 2148; x_wconf 87' lang='lat' dir='ltr'>pertractaturi.</span> 
     </span>
    </p>
   </div>
   <div class='ocr_carea' id='block_1_5' title="bbox 137 2299 1159 3474">
    <p class='ocr_par' dir='ltr' id='par_1_5' title="bbox 137 2299 1159 3474">
     <span class='ocr_line' id='line_1_16' title="bbox 201 2299 1139 2392; baseline 0.001 -25"><span class='ocrx_word' id='word_1_109' title='bbox 201 2300 312 2392; x_wconf 80' lang='lat' dir='ltr'>Magnis</span> <span class='ocrx_word' id='word_1_110' title='bbox 327 2323 400 2367; x_wconf 91' lang='lat' dir='ltr'>saue</span> <span class='ocrx_word' id='word_1_111' title='bbox 414 2299 603 2367; x_wconf 86' lang='lat' dir='ltr'>celebritatis</span> <span class='ocrx_word' id='word_1_112' title='bbox 620 2300 701 2365; x_wconf 76' lang='lat' dir='ltr'>famia</span> <span class='ocrx_word' id='word_1_113' title='bbox 710 2299 865 2390; x_wconf 82' lang='lat' dir='ltr'>gaudebat</span> <span class='ocrx_word' id='word_1_114' title='bbox 876 2301 1047 2368; x_wconf 78' lang='lat' dir='ltr'>Academia</span> <span class='ocrx_word' id='word_1_115' title='bbox 1058 2301 1139 2369; x_wconf 84' lang='lat' dir='ltr'>Oro·</span> 
     </span>
     <span class='ocr_line' id='line_1_17' title="bbox 157 2418 1159 2514; baseline 0.002 -28"><span class='ocrx_word' id='word_1_116' title='bbox 157 2421 283 2488; x_wconf 91' lang='lat' dir='ltr'>niensis.</span> <span class='ocrx_word' id='word_1_117' title='bbox 329 2422 388 2505; x_wconf 86' lang='lat' dir='ltr'>¹Uti</span> <span class='ocrx_word' id='word_1_118' title='bbox 415 2420 589 2487; x_wconf 91' lang='lat' dir='ltr'>Bononiam</span> <span class='ocrx_word' id='word_1_119' title='bbox 601 2418 683 2510; x_wconf 77' lang='lat' dir='ltr'>juris</span> <span class='ocrx_word' id='word_1_120' title='bbox 703 2421 859 2503; x_wconf 91' lang='lat' dir='ltr'>studium,</span> <span class='ocrx_word' id='word_1_121' title='bbox 876 2422 1013 2514; x_wconf 88' lang='lat' dir='ltr'>Montem</span> <span class='ocrx_word' id='word_1_122' title='bbox 1032 2423 1159 2496; x_wconf 56' lang='lat' dir='ltr'>Pessur</span> 
     </span>
     <span class='ocr_line' id='line_1_18' title="bbox 137 2516 1139 2611; baseline 0.003 -4"><span class='ocrx_word' id='word_1_123' title='bbox 137 2542 264 2607; x_wconf 86' lang='lat' dir='ltr'>lanum</span> <span class='ocrx_word' id='word_1_124' title='bbox 293 2553 325 2606; x_wconf 92' lang='lat' dir='ltr'>et</span> <span class='ocrx_word' id='word_1_125' title='bbox 348 2539 512 2606; x_wconf 87' lang='lat' dir='ltr'>Salernum</span> <span class='ocrx_word' id='word_1_126' title='bbox 538 2516 676 2608; x_wconf 87' lang='lat' dir='ltr'>studium</span> <span class='ocrx_word' id='word_1_127' title='bbox 698 2543 874 2609; x_wconf 87' lang='lat' dir='ltr'>medicinae</span> <span class='ocrx_word' id='word_1_128' title='bbox 892 2545 1025 2610; x_wconf 80' lang='lat' dir='ltr'>maxime</span> <span class='ocrx_word' id='word_1_129' title='bbox 1043 2544 1139 2611; x_wconf 91' lang='lat' dir='ltr'>nobi-</span> 
     </span>
     <span class='ocr_line' id='line_1_19' title="bbox 155 2640 1140 2755; baseline 0.002 -26"><span class='ocrx_word' id='word_1_130' title='bbox 155 2663 307 2742; x_wconf 88' lang='lat' dir='ltr'>litabant,</span> <span class='ocrx_word' id='word_1_131' title='bbox 327 2664 368 2728; x_wconf 92' lang='lat' dir='ltr'>ita</span> <span class='ocrx_word' id='word_1_132' title='bbox 390 2651 515 2729; x_wconf 84' lang='lat' dir='ltr'>Lutetia</span> <span class='ocrx_word' id='word_1_133' title='bbox 536 2664 724 2731; x_wconf 89' lang='lat' dir='ltr'>Parisiorum</span> <span class='ocrx_word' id='word_1_134' title='bbox 744 2675 838 2752; x_wconf 89' lang='lat' dir='ltr'>atque</span> <span class='ocrx_word' id='word_1_135' title='bbox 857 2640 1140 2755; x_wconf 68' lang='lat' dir='ltr'>oioniunphilo-</span> 
     </span>
     <span class='ocr_line' id='line_1_20' title="bbox 157 2781 1137 2875; baseline -0.003 -24"><span class='ocrx_word' id='word_1_136' title='bbox 157 2783 284 2875; x_wconf 88' lang='lat' dir='ltr'>sophiae</span> <span class='ocrx_word' id='word_1_137' title='bbox 322 2783 520 2853; x_wconf 87' lang='lat' dir='ltr'>scholasticae</span> <span class='ocrx_word' id='word_1_138' title='bbox 549 2799 581 2852; x_wconf 90' lang='lat' dir='ltr'>et</span> <span class='ocrx_word' id='word_1_139' title='bbox 613 2784 788 2871; x_wconf 80' lang='lat' dir='ltr'>theologiae</span> <span class='ocrx_word' id='word_1_140' title='bbox 814 2781 919 2849; x_wconf 88' lang='lat' dir='ltr'>studio</span> <span class='ocrx_word' id='word_1_141' title='bbox 943 2784 1137 2871; x_wconf 90' lang='lat' dir='ltr'>potissimum</span> 
     </span>
     <span class='ocr_line' id='line_1_21' title="bbox 158 2902 1138 2997; baseline -0.006 -25"><span class='ocrx_word' id='word_1_142' title='bbox 158 2906 413 2976; x_wconf 88' lang='lat' dir='ltr'>inclarescebant.</span> <span class='ocrx_word' id='word_1_143' title='bbox 462 2907 603 2997; x_wconf 81' lang='lat' dir='ltr'>Scriptus</span> <span class='ocrx_word' id='word_1_144' title='bbox 619 2904 746 2995; x_wconf 89' lang='lat' dir='ltr'>quidam</span> <span class='ocrx_word' id='word_1_145' title='bbox 760 2951 778 2984; x_wconf 86' lang='lat'>,.</span> <span class='ocrx_word' id='word_1_146' title='bbox 800 2902 959 2992; x_wconf 86' lang='lat' dir='ltr'>superiore</span> <span class='ocrx_word' id='word_1_147' title='bbox 984 2925 1057 2967; x_wconf 81' lang='lat' dir='ltr'>aero</span> <span class='ocrx_word' id='word_1_148' title='bbox 1069 2951 1079 2982; x_wconf 94' lang='lat'>,</span> <span class='ocrx_word' id='word_1_149' title='bbox 1104 2903 1138 2968; x_wconf 93' lang='lat' dir='ltr'>id</span> 
     </span>
     <span class='ocr_line' id='line_1_22' title="bbox 156 3012 1137 3112; baseline -0.005 -18"><span class='ocrx_word' id='word_1_150' title='bbox 156 3039 203 3112; x_wconf 78' lang='lat' dir='ltr'>cst</span> <span class='ocrx_word' id='word_1_151' title='bbox 232 3027 311 3095; x_wconf 88' lang='lat' dir='ltr'>Xlll</span> <span class='ocrx_word' id='word_1_152' title='bbox 345 3012 476 3109; x_wconf 74' lang='lat' dir='ltr'>liniens,</span> <span class='ocrx_word' id='word_1_153' title='bbox 505 3027 587 3092; x_wconf 89' lang='lat' dir='ltr'>inter</span> <span class='ocrx_word' id='word_1_154' title='bbox 615 3024 744 3091; x_wconf 89' lang='lat' dir='ltr'>Scholas</span> <span class='ocrx_word' id='word_1_155' title='bbox 766 3015 956 3087; x_wconf 79' lang='lat' dir='ltr'>Cllristianas</span> <span class='ocrx_word' id='word_1_156' title='bbox 981 3022 1137 3089; x_wconf 83' lang='lat' dir='ltr'>Parisinae</span> 
     </span>
     <span class='ocr_line' id='line_1_23' title="bbox 158 3115 1139 3239; baseline -0.004 -26"><span class='ocrx_word' id='word_1_157' title='bbox 158 3149 274 3239; x_wconf 89' lang='lat' dir='ltr'>primas</span> <span class='ocrx_word' id='word_1_158' title='bbox 293 3147 492 3238; x_wconf 82' lang='lat' dir='ltr'>adjudicans,</span> <span class='ocrx_word' id='word_1_159' title='bbox 508 3144 673 3211; x_wconf 85' lang='lat' dir='ltr'>Oroniensi</span> <span class='ocrx_word' id='word_1_160' title='bbox 690 3115 838 3207; x_wconf 84' lang='lat' dir='ltr'>secundas</span> <span class='ocrx_word' id='word_1_161' title='bbox 856 3142 1052 3213; x_wconf 78' lang='lat' dir='ltr'>defereba11.</span> <span class='ocrx_word' id='word_1_162' title='bbox 1078 3143 1139 3212; x_wconf 92' lang='lat' dir='ltr'>0r-</span> 
     </span>
     <span class='ocr_line' id='line_1_24' title="bbox 159 3261 1137 3354; baseline -0.003 -19"><span class='ocrx_word' id='word_1_163' title='bbox 159 3269 227 3336; x_wconf 89' lang='lat' dir='ltr'>nari</span> <span class='ocrx_word' id='word_1_164' title='bbox 252 3268 330 3336; x_wconf 90' lang='lat' dir='ltr'>haec</span> <span class='ocrx_word' id='word_1_165' title='bbox 354 3269 471 3336; x_wconf 90' lang='lat' dir='ltr'>solebat</span> <span class='ocrx_word' id='word_1_166' title='bbox 496 3264 595 3330; x_wconf 88' lang='lat' dir='ltr'>titulis</span> <span class='ocrx_word' id='word_1_167' title='bbox 618 3261 708 3327; x_wconf 84' lang='lat' dir='ltr'>valde</span> <span class='ocrx_word' id='word_1_168' title='bbox 728 3261 926 3345; x_wconf 88' lang='lat' dir='ltr'>honorificis,</span> <span class='ocrx_word' id='word_1_169' title='bbox 947 3282 1040 3354; x_wconf 87' lang='lat' dir='ltr'>atque</span> <span class='ocrx_word' id='word_1_170' title='bbox 1059 3263 1137 3332; x_wconf 87' lang='lat' dir='ltr'>adeo</span> 
     </span>
     <span class='ocr_line' id='line_1_25' title="bbox 161 3381 1139 3474; baseline -0.004 -16"><span class='ocrx_word' id='word_1_171' title='bbox 161 3391 325 3458; x_wconf 88' lang='lat' dir='ltr'>dicebatur</span> <span class='ocrx_word' id='word_1_172' title='bbox 350 3391 402 3453; x_wconf 87' lang='lat' dir='ltr'>sol</span> <span class='ocrx_word' id='word_1_173' title='bbox 423 3397 455 3450; x_wconf 83' lang='lat' dir='ltr'>ct</span> <span class='ocrx_word' id='word_1_174' title='bbox 481 3385 593 3448; x_wconf 84' lang='lat' dir='ltr'>oculus</span> <span class='ocrx_word' id='word_1_175' title='bbox 611 3381 771 3474; x_wconf 79' lang='lat' dir='ltr'>Angla&#39;ae.</span> <span class='ocrx_word' id='word_1_176' title='bbox 831 3382 1036 3452; x_wconf 80' lang='lat' dir='ltr'>Confluebant</span> <span class='ocrx_word' id='word_1_177' title='bbox 1065 3388 1139 3454; x_wconf 90' lang='lat' dir='ltr'>illuc</span> 
     </span>
    </p>
   </div>
   <div class='ocr_carea' id='block_1_6' title="bbox 158 3503 1140 3594">
    <p class='ocr_par' dir='ltr' id='par_1_6' title="bbox 158 3503 1140 3594">
     <span class='ocr_line' id='line_1_26' title="bbox 158 3503 1140 3594; baseline -0.006 -10"><span class='ocrx_word' id='word_1_178' title='bbox 158 3509 220 3585; x_wconf 89' lang='lat' dir='ltr'>non</span> <span class='ocrx_word' id='word_1_179' title='bbox 241 3525 362 3579; x_wconf 88' lang='lat' dir='ltr'>tanturn</span> <span class='ocrx_word' id='word_1_180' title='bbox 382 3505 475 3594; x_wconf 80' lang='lat' dir='ltr'>Angli</span> <span class='ocrx_word' id='word_1_181' title='bbox 494 3503 599 3584; x_wconf 83' lang='lat' dir='ltr'>cives,</span> <span class='ocrx_word' id='word_1_182' title='bbox 622 3505 842 3574; x_wconf 83' lang='lat' dir='ltr'>verumetiam</span> <span class='ocrx_word' id='word_1_183' title='bbox 860 3509 1001 3576; x_wconf 92' lang='lat' dir='ltr'>nonnulli</span> <span class='ocrx_word' id='word_1_184' title='bbox 1022 3533 1057 3576; x_wconf 82' lang='lat' dir='ltr'>ex</span> <span class='ocrx_word' id='word_1_185' title='bbox 1072 3511 1140 3578; x_wconf 88' lang='lat' dir='ltr'>aliis</span> 
     </span>
    </p>
   </div>
   <div class='ocr_carea' id='block_1_7' title="bbox 83 3809 1229 3890">
    <p class='ocr_par' dir='ltr' id='par_1_7' title="bbox 83 3809 1229 3890">
     <span class='ocr_line' id='line_1_27' title="bbox 83 3809 1229 3890; baseline 0.012 -27"><span class='ocrx_word' id='word_1_186' title='bbox 83 3833 86 3838; x_wconf 40' lang='lat'><em>⁸</em></span> <span class='ocrx_word' id='word_1_187' title='bbox 193 3814 364 3866; x_wconf 79' lang='lat' dir='ltr'>lllatthaeus</span> <span class='ocrx_word' id='word_1_188' title='bbox 381 3818 492 3869; x_wconf 82' lang='lat' dir='ltr'>Parisios</span> <span class='ocrx_word' id='word_1_189' title='bbox 512 3821 539 3869; x_wconf 91' lang='lat' dir='ltr'>in</span> <span class='ocrx_word' id='word_1_190' title='bbox 559 3821 856 3890; x_wconf 61' lang='lat' dir='ltr'>attemptantes.</span> <span class='ocrx_word' id='word_1_191' title='bbox 881 3809 1142 3879; x_wconf 57' lang='lat' dir='ltr'>tumulosus-uh</span> <span class='ocrx_word' id='word_1_192' title='bbox 1227 3879 1229 3884; x_wconf 68' lang='grc'>,</span> 
     </span>
    </p>
   </div>
   <div class='ocr_carea' id='block_1_8' title="bbox 185 3892 1143 4045">
    <p class='ocr_par' dir='ltr' id='par_1_8' title="bbox 185 3892 1143 4045">
     <span class='ocr_line' id='line_1_28' title="bbox 185 3892 1143 3986; baseline 0.011 -36"><span class='ocrx_word' id='word_1_193' title='bbox 185 3983 187 3986; x_wconf 18' lang='lat'><strong><em>¹</em></strong></span> <span class='ocrx_word' id='word_1_194' title='bbox 216 3914 296 3964; x_wconf 72' lang='lat' dir='ltr'>reguo</span> <span class='ocrx_word' id='word_1_195' title='bbox 322 3902 424 3954; x_wconf 78' lang='lat' dir='ltr'>Raurici</span> <span class='ocrx_word' id='word_1_196' title='bbox 442 3905 499 3966; x_wconf 92' lang='lat' dir='ltr'>Ill,</span> <span class='ocrx_word' id='word_1_197' title='bbox 521 3905 548 3955; x_wconf 89' lang='lat' dir='ltr'>iu</span> <span class='ocrx_word' id='word_1_198' title='bbox 565 3892 640 3975; x_wconf 82' lang='lat' dir='ltr'>cujus</span> <span class='ocrx_word' id='word_1_199' title='bbox 659 3910 726 3975; x_wconf 83' lang='lat' dir='ltr'>regis</span> <span class='ocrx_word' id='word_1_200' title='bbox 742 3912 965 3963; x_wconf 70' lang='lat' dir='ltr'>familiaritale&#39;ob</span> <span class='ocrx_word' id='word_1_201' title='bbox 979 3913 1143 3979; x_wconf 76' lang='lat' dir='ltr'>conspicuam</span> 
     </span>
     <span class='ocr_line' id='line_1_29' title="bbox 220 3987 587 4045; baseline 0.025 -9"><span class='ocrx_word' id='word_1_202' title='bbox 220 3987 388 4040; x_wconf 84' lang='lat' dir='ltr'>eruditionem</span> <span class='ocrx_word' id='word_1_203' title='bbox 404 3995 521 4042; x_wconf 83' lang='lat' dir='ltr'>versatus</span> <span class='ocrx_word' id='word_1_204' title='bbox 539 3997 587 4045; x_wconf 85' lang='lat' dir='ltr'>est.</span> 
     </span>
    </p>
   </div>
   <div class='ocr_carea' id='block_1_9' title="bbox 0 0 1298 4718">
    <p class='ocr_par' dir='ltr' id='par_1_9' title="bbox 0 0 1298 4718">
     <span class='ocr_line' id='line_1_30' title="bbox 0 0 1298 4718; baseline 0 0"><span class='ocrx_word' id='word_1_205' title='bbox 0 0 1298 4718; x_wconf 95' lang='lat' dir='ltr'> </span> 
     </span>
    </p>
   </div>
  </div>
 </body>
</html>
