2586 4718
575 281 577 284 ·
638 264 700 326 252

180 479 313 544 maxime
338 479 372 542 in
392 473 554 545 doctorum
575 477 731 543 Ecclesiae
757 499 846 544 usum
866 477 1008 567 scripsit,
1028 492 1059 546 et
1080 504 1167 570 quae
1273 550 1276 555 ,

180 607 212 668 in
245 602 375 692 gratiam
404 599 577 689 composuit
605 596 802 664 indoctorum
832 612 863 664 et
890 599 1030 666 universe
1058 601 1169 669 laico·

178 712 261 794 rum.
288 712 345 788 'In
364 720 457 786 hasce
472 719 629 786 Wicliffus
648 718 820 785 doctrinam
847 717 1057 789 Christianam
1084 725 1166 790 sim·

180 842 257 934 plici
268 842 397 927 ¹ratione
414 861 565 931 exponere
584 840 770 930 plerumque
788 840 922 922 solebat,
944 854 979 909 nt
997 843 1030 908 in
1044 827 1167 935 populo

180 961 335 1052 imprimis
376 982 497 1028 sensum
534 962 684 1026 moralem
715 960 863 1028 excitaret
891 975 922 1029 et
950 963 1167 1037 confirmaret.

181 1082 255 1150 Illa
274 1095 378 1149 autem
398 1093 468 1148 sunt
488 1082 552 1147 sire
571 1081 788 1173 dogmatica,
805 1080 868 1148 sire
886 1087 1079 1174 exegetica,
1101 1085 1167 1152 sire

180 1207 350 1285 moralia,
380 1226 432 1270 seu
471 1203 664 1292 quaestiones
689 1225 708 1270 e
719 1204 804 1292 jure
828 1209 986 1271 canonico
1010 1217 1164 1277 tractant·

182 1325 268 1412 Quae
293 1324 383 1392 nobis
408 1321 637 1406 innotuerunt,
658 1323 738 1390 haee
757 1325 846 1391 mitti
865 1325 1050 1416 plerumque
1068 1349 1169 1416 gene·

180 1445 223 1513 ris
243 1435 283 1513 'et
303 1447 472 1538 polemico
501 1457 585 1513 sunt.
645 1445 748 1532 Quum
768 1445 872 1526 enim,
893 1457 927 1512 ut
945 1444 1080 1513 vidimus
1091 1497 1110 1530 ‚‚
1124 1448 1168 1515 ad

181 1566 379 1635 scribendum
403 1588 624 1656 saepenumero
644 1565 828 1632 incitaretur
846 1588 949 1632 rerum
969 1555 1168 1658 temporum·

181 1710 243 1781 qne
272 1685 586 1778 opportunitatibus,
612 1686 712 1753 multa
740 1684 780 1752 de
808 1685 961 1754 industria
985 1687 1088 1755 edidit
1109 1689 1168 1755 ad·

104 1783 105 1789 ¹
182 1831 286 1876 versus
321 1807 480 1891 Ecclesiae
515 1807 591 1874 ritia
621 1818 653 1873 et
681 1807 908 1896 corruptelam3
940 1819 1033 1897 atque
1063 1807 1144 1875 illud
1156 1861 1167 1893 ,

183 1930 268 2023 qnod
297 1951 354 2021 per
382 1951 506 1997 omnem
534 1927 631 1994 sitam
655 1927 715 1994 sibi
735 1927 929 2018 propositum
948 1926 1082 2009 habuit,
1106 1929 1170 1996 Ec·

182 2051 308 2118 clesiam
333 2049 456 2116 scilicet
482 2048 671 2129 reiormare',
704 2047 870 2114 scribendo
900 2047 1096 2138 potissimum
1115 2071 1169 2117 er-

182 2172 270 2265 sequi
289 2167 419 2239 studuit.
1046 2152 1053 2161 ⁸

228 2388 333 2484 fltsae'
353 2414 449 2506 igitur
478 2413 702 2506 praemonitis,
725 2411 930 2505 procedamus
950 2433 1033 2479 nunc
1051 2411 1092 2479 ad
1110 2436 1169 2481 er-

183 2536 333 2628 ploranda
362 2536 414 2602 illa
445 2535 594 2605 Wioliffi.
610 2534 738 2626 scripta,
770 2556 904 2624 quorum
928 2531 1087 2600 haetenus.
1105 2555 1170 2601 non

184 2658 245 2725 nisi
263 2657 373 2725 leviter
391 2657 582 2725 mentionem
602 2656 756 2736 fecimus,
780 2677 923 2746 quaeque
942 2653 981 2720 ad
1000 2653 1171 2745 praecipua

183 2782 249 2871 ejus
277 2779 397 2869 ingenii
428 2789 632 2846 monumenta
660 2777 818 2868 pertinere
847 2774 1003 2847 ridentur.
1061 2774 1170 2842 Primo
1203 2832 1205 2838 .

181 2904 246 2991 jam
266 2901 300 2967 in
318 2923 445 2993 censum
464 2897 549 2964 renit
569 2899 635 2986 ejus

256 3144 296 3212 V
293 3146 382 3210 ersao
398 3140 540 3211 Codicis
558 3144 654 3208 sacri
673 3099 878 3232 restinguam
895 3137 1088 3242 Aoqle'cam.
1107 3187 1110 3192 -

121 3392 122 3396 ’
230 3388 314 3456 Ante
332 3368 561 3456 Wiciiffianam
577 3362 683 3466 iilam,
700 3380 796 3471 Angli
810 3380 983 3449 versionem
996 3379 1092 3447 totius
1109 3376 1175 3446 Go-

185 3507 265 3576 dieis
284 3507 431 3576 habuisse
449 3530 511 3574 non
531 3487 718 3574 ridenturi.
764 3503 871 3571 Partes
890 3478 1182 3593 quidemnonnul-

192 3681 511 3696 Μ

96 3797 107 3818 0
213 3769 223 3806 ¹
247 3768 318 3833 Quae
338 3765 494 3829 fingendus,
513 3779 655 3830 provocans
666 3761 698 3813 ad
715 3760 792 3812 rerba
808 3757 918 3813 'ihomas
933 3761 997 3812 lieri
1014 3756 1107 3821 (Dtal.
1125 3758 1178 3808 111.

284 3887 291 3902 .
420 3847 427 3861 ⁰
515 3882 522 3896 .
587 3881 650 3900 ..
721 3880 728 3897 .
872 3863 888 3894 n
948 3845 964 3860 ‘¹
1010 3844 1178 3894 iiorumAn·

181 3937 184 3942 '
248 3849 441 3997 ἑῑῗιιζιιιιῖὴξιᾞίι
459 3848 531 3991 rvirdi,
549 3844 741 3998 Idatripopffi:
761 3844 1175 3995 lddzirriretiatseissduelxplorarunt,

159 4036 161 4042 ⁴
252 4017 355 4069 minime
372 4019 526 4080 congruunt.
