2586 4718
591 313 632 372 53

125 569 126 573 =
156 526 312 592 Hactenus
332 523 427 612 igitur
446 509 719 610 investigavimus,
739 518 841 610 quoad
861 522 927 609 ejus
945 518 1014 584 fieri
1032 542 1092 611 po·

29 698 30 701 ,
110 647 193 726 tuit,
224 645 409 735 quibusnam
426 641 584 709 Wioliffus
605 639 744 707 eruditus
764 640 803 707 sit
822 640 941 706 artibus
959 652 990 706 et
1010 639 1089 707 doc·
1187 635 1191 643 ’

109 767 198 832 trinis
208 767 240 831 iu
251 764 460 832 Universitate
477 760 660 841 Oroniensi,
677 785 771 851 quam
786 760 954 828 admodum
964 761 1088 850 juvenis

110 886 209 968 adiit,
229 884 315 954 etad
334 905 539 974 quarumnam
559 883 751 973 potissimum
773 880 1004 973 disciplinarum
1024 895 1090 948 stu·

109 1006 195 1073 dium
216 1009 356 1073 animum
375 1004 572 1094 adjunxerit,
597 1002 673 1069 dum
691 1026 784 1094 porro
803 1003 856 1069 hic
876 1016 1009 1069 versatus
1029 1015 1086 1073 cst.
1142 1017 1144 1021 '

107 1127 324 1218 Praeceptores
344 1149 438 1204 vero,
463 1125 575 1213 quibus
594 1147 665 1190 usus
684 1124 779 1189 fuerit
790 1171 800 1204 ,
824 1123 1014 1213 ignoramus,
1036 1146 1088 1189 ae·

108 1268 169 1335 que
197 1269 233 1312 ao
259 1246 321 1311 fata
341 1247 406 1334 ejus
419 1245 604 1333 juventutis.
654 1244 848 1334 Reliquimus
868 1265 941 1309 cum
958 1244 990 1308 in
1011 1226 1090 1331 0015

105 1365 187 1455 legio
204 1365 415 1445 Mertonensi,
441 1367 528 1454 cujum
546 1377 711 1454 postquam
732 1364 832 1429 fuerat
851 1364 1013 1444 alumnus,
1039 1388 1087 1430 so·

106 1487 172 1552 cius
190 1485 327 1575 ejusdem
348 1498 470 1575 optatus
490 1499 547 1558 est.
597 1482 688 1551 Circa
703 1507 818 1582 annum
836 1483 962 1551 demum
982 1487 1087 1567 1356,

105 1629 167 1696 quo
185 1605 305 1672 virilem
320 1607 386 1694 jam
406 1606 558 1694 ingressus
577 1618 644 1670 erat
654 1616 806 1685 aetatem,
822 1605 900 1670 certi
913 1603 990 1693 quid
1001 1603 1040 1670 de
1051 1627 1087 1673 eo

102 1727 242 1817 proferre
259 1749 430 1816 possumus.
456 1725 633 1792 Verisimile
650 1740 755 1793 tamen
770 1738 831 1806 est,
850 1746 906 1815 per
921 1725 998 1790 illud
1009 1716 1091 1793 vitae

103 1847 236 1938 spatium
248 1894 259 1927 ,
279 1846 363 1937 quod
376 1818 432 1914 nos
441 1848 517 1913 latet
525 1896 535 1929 ,
552 1869 623 1913 eum
635 1846 775 1937 Magistri
785 1845 916 1936 gradum
926 1847 1084 1936 suscepis-

103 1991 154 2051 se;
180 1991 317 2059 namque
337 1967 396 2035 hoo
415 1943 506 2035 titulo
525 1969 628 2057 ipsum
645 1980 790 2034 ornatum
803 1967 1084 2055 morrcporiemus.

562 2182 628 2199 ,ιι-ιι

57 2348 61 2363 “
150 2328 185 2396 Si
210 2339 315 2427 autem
341 2327 522 2417 quaeritur,
556 2327 654 2417 qualis
682 2306 777 2395 fuerit
801 2328 921 2418 juranis
949 2329 1086 2412 indoles,
1123 2312 1127 2341 ³

104 2460 135 2511 ct
164 2470 314 2536 quosnam
345 2449 466 2514 fructus
494 2446 601 2515 tulerit
630 2449 682 2513 illa
709 2436 886 2527 institutio,
913 2449 969 2517 hos
994 2451 1089 2518 fuisse

103 2567 298 2650 uberrimos,
325 2569 413 2635 *illam
444 2572 553 2634 naturai
572 2568 782 2634 felicissimam
811 2582 905 2659 atque
934 2573 1087 2639 exercita·
1122 2599 1125 2605 ·

104 2688 195 2754 tionis
224 2689 398 2756 assiduitati
426 2691 621 2779 copulatam,
646 2688 801 2756 efficerem
824 2713 860 2756 ex
880 2693 1085 2775 testimoniis,

104 2831 184 2899 quae
213 2809 254 2875 ab
282 2811 446 2889 omuibus,
480 2831 550 2875 cum
575 2809 777 2893 adversariis,
801 2795 868 2878 tum
888 2813 1083 2896 fautoribus,

102 2928 141 2995 de
165 2929 301 2996 Wioliffi
328 2931 453 3022 ingenio
469 2912 504 2997 ¹ct
522 2922 698 3000 eruditione
718 2932 839 2999 tributa
859 2956 923 3000 esse
949 2935 1084 3006 insanio.

144 3051 297 3119 Henricus
326 3051 365 3118 de
392 3051 580 3141 Kngghton,
610 3052 745 3119 Wicliffi
766 3054 922 3144 aequalis,
946 3052 1025 3120 haec
1044 3055 1083 3122 de
1146 3061 1148 3065 ’

96 3194 133 3238 eo
157 3185 281 3240 testatus
306 3185 370 3242 est:
399 3172 528 3239 ‚Ductor
554 3176 592 3237 ia
612 3173 781 3261 theologia
805 3178 1082 3253 emaiseaiissimus

99 3296 135 3356 ia
154 3294 267 3359 diadas
289 3295 376 3363 illis.
431 3293 475 3358 In
504 3294 720 3384 philosophia
747 3295 837 3358 stalli
868 3296 1088 3384 reportabatur

99 3416 278 3493 sectandas,
323 3418 358 3507 ia
391 3417 580 3481 scolasticis
612 3414 812 3505 discpilinis.
835 3410 1095 3506 incomparali?

101 3534 154 3599 lis.
211 3535 283 3600 Hic
299 3538 446 3601 maxime
464 3536 630 3601 na‘telatar
654 3536 801 3602 aliorum
821 3539 959 3624 ingenia
978 3541 1085 3605 sailli-

112 3699 425 3714 ...μ’-,Ἢ

163 3771 349 3835 Knyghtonus,
367 3789 435 3837 pras
452 3774 566 3828 caeteris
583 3773 689 3822 clericis
708 3774 794 3823 totius
810 3773 1047 3843 Christianitatis,
1057 3776 1090 3825 iss

163 3856 296 3920 theologia
321 3859 488 3922 praecipue,
514 3857 645 3908 similiter
673 3864 699 3906 a
726 3860 758 3907 ia
775 3860 891 3908 caeteris
908 3861 1031 3908 scientiis
1049 3859 1088 3907 li-

165 3940 308 3992 bsralilua.
326 3958 351 4006 p.
370 3941 449 3992 2000.
484 3944 543 3993 suit
561 3957 654 4008 nempe
669 3943 774 4006 insignis
792 3944 837 3992 illo
857 3949 971 4009 tempore
988 3943 1089 3995 mathe-

161 4026 278 4076 maticus.
315 4025 388 4074 udtts
407 4030 469 4077 sunt
482 4029 538 4093 ejus
555 4027 587 4080 dc
603 4028 744 4093 geometrii
757 4033 783 4080 ct
798 4027 962 4088 arithmetici
980 4029 1087 4096 scripta.
1112 4072 1115 4077 Δ
