2586 4718
642 275 703 336 188

182 515 247 559 non
272 510 339 582 per
374 485 646 551 nundinationem
658 530 668 561 ‚
697 485 815 546 uictum
843 505 936 548 mum
962 487 1168 578 adquirere,

184 613 384 702 [namneus
400 626 500 672 error
518 603 560 669 ab
574 600 773 668 Alexandro
789 599 881 690 IV].

228 730 315 799 xlv.
343 725 523 815 conferente
542 724 776 809 eleemosynam
781 723 959 810 fratribus
975 729 1171 816 oelfmm·

179 849 414 944 praedicanti,
434 853 483 910 eet
505 846 821 923 excommunicatus,
839 853 871 910 ct
890 849 1059 937 recipiens
1080 861 1109 923 ι,

229 1090 359 1158 Etiamsi
389 1089 421 1154 in
439 1087 525 1153 hisce
544 1087 717 1177 compluria
733 1086 868 1154 Wicliffi
886 1088 998 1178 placita
1019 1096 1171 1181 agnosci.

77 1228 79 1235 '
182 1235 251 1280 mus
264 1208 462 1294 ,cavendum
483 1221 586 1274 tamen
605 1208 696 1274 nohis
713 1221 782 1290 est,
800 1231 839 1274 ue
859 1231 964 1277 omues
982 1211 1049 1278 illas
1071 1218 1170 1281 attri-

183 1336 315 1402 buamus
341 1332 371 1397 ei
399 1329 583 1422 sententias:
609 1351 681 1394 nam
700 1329 767 1419 ipse
785 1344 968 1433 conquestus
988 1346 1058 1414 cst,
1080 1337 1171 1425 quod

184 1455 330 1547 injuriose
348 1451 569 1532 accusabatur,
587 1451 635 1515 uti
654 1463 685 1516 et
704 1449 799 1540 ipsius
814 1451 908 1531 socii,
924 1452 1079 1542 ejusmodi
1095 1480 1169 1524 sen·

184 1576 373 1656 tertiarum,
390 1573 495 1661 quales
505 1582 609 1648 eraut,
625 1569 729 1636 neum
737 1569 992 1638 debereobedire
1003 1573 1168 1657 onemo,

185 1711 216 1764 et
227 1695 356 1789 plebem
367 1714 488 1784 posse,
509 1690 559 1757 ad
574 1712 667 1754 mnne
684 1690 884 1770 arbitrium,
912 1696 1088 1785 corrigere
1108 1698 1170 1765 do-

184 1822 292 1887 minus
311 1816 536 1903 delinquentes
557 1819 584 1880 ².
630 1810 701 1877 Boc
719 1809 830 1890 modo,
851 1809 1000 1894 dicebat,
1020 1813 1171 1886 homines

185 1939 299 2008 infensi
325 1934 490 2002 detrahere
513 1931 682 2022 cupiebant
707 1930 746 1996 de
766 1931 862 2021 ipsius
881 1945 913 1999 et
931 1934 1085 2001 sociorum
1106 1961 1172 2005 no-

187 2062 284 2128 mine.
332 2057 428 2125 Fama
448 2055 562 2143 igitur,
581 2066 617 2120 ut
636 2053 705 2118 fieri
726 2053 823 2132 solet,
842 2066 907 2119 tam
927 2053 995 2120 ficti
1013 2058 1174 2150 pravique

143 2259 145 2264 ,
188 2195 299 2261 tenax,
331 2199 425 2268 quam
454 2175 563 2241 nuntia
591 2175 679 2253 veri,
701 2174 841 2265 viresque
860 2174 1024 2266 adquirens
1043 2179 1173 2265 eundo,

187 2326 283 2395 quum
319 2299 359 2366 ad
373 2361 378 2369 ,
393 2295 673 2387 Archiepiscopum
702 2309 908 2386 perseuerat,
936 2296 1055 2388 pariter
1085 2301 1173 2371 iacta

184 2439 279 2515 atque
296 2422 410 2489 iniecta
431 2417 575 2488 canebat.

186 2605 189 2609 Α
235 2543 396 2612 Damnatis
426 2539 618 2605 autemillis
647 2537 754 2605 XXIV
773 2540 951 2622 sententiis,
976 2539 1176 2614 (lourtnaeus

188 2666 294 2733 literas
312 2660 419 2740 misit,
443 2658 495 2724 die
514 2663 556 2724 30
575 2657 672 2746 Maji,
693 2659 854 2742 Roberto,
869 2661 1024 2752 Episcopo
1043 2664 1175 2732 Loudi-

189 2786 297 2865 uensi‚
318 2783 473 2850 scribens:
501 2780 614 2865 »Quia
631 2780 780 2870 permulti
801 2783 832 2847 iu
851 2783 1009 2873 provincii
1031 2780 1177 2852 (lentun-

76 2989 79 2995 ,
187 2907 283 2976 riensi
308 2903 369 2970 sibi
386 2899 586 2970 vindicabant
607 2900 812 2968 concionandi
831 2901 1031 2985 facultatem,
1051 2905 1176 2999 ubsque

107 3086 109 3094 .
207 3079 504 3098 ...ρ-...-

220 3176 229 3211 ¹
254 3170 313 3222 vtt.
329 3169 470 3227 ¹wilkins,
484 3197 489 3203 .
502 3167 585 3242 Cone..
608 3166 666 3218 vot.
692 3167 743 3220 111.
765 3183 824 3233 pag.
847 3167 905 3220 157.
924 3194 958 3208 -
975 3169 1180 3236 waldeghen,

188 3322 192 3326 ῃ
254 3257 326 3307 llitt.
344 3251 424 3318 last.
441 3269 468 3318 p.
487 3253 539 3302 285
560 3267 601 3315 tq.
621 3251 758 3315 Knyghtou
778 3268 805 3317 p.
824 3252 894 3303 2618
912 3269 951 3318 tq.
973 3281 1005 3293 -
1025 3240 1184 3308 Damnatio-

253 3358 311 3392 uem
327 3339 417 3388 harum
433 3336 616 3405 sententiarum
633 3335 815 3400 subripuerunt
827 3338 1058 3406 Archiepiscnput,
1074 3338 1092 3389 7
1106 3341 1186 3408 Epie-

183 3451 187 3457 ·
254 3427 332 3493 copi,
362 3423 394 3472 14
413 3423 480 3488 juris
504 3423 640 3484 utriusque
665 3420 804 3481 doctores,
826 3420 857 3471 17
875 3422 993 3474 doctores
1010 3423 1184 3490 theologiae,
1257 3454 1261 3459 >

253 3526 361 3575 quorum
381 3507 412 3556 15
431 3508 522 3557 iratres
538 3505 728 3568 lendicantes,
749 3510 777 3557 et
793 3507 809 3556 6
830 3507 975 3573 theologiae
992 3509 1182 3575 baccalaurei,

252 3596 313 3644 item
329 3595 431 3644 iratres.

215 3682 229 3718 ²
255 3679 313 3729 vid.
333 3678 429 3737 lewis,
447 3694 474 3742 p.
490 3674 534 3724 98.
551 3700 586 3712 -
600 3676 884 3740 Baumgarten-Crusius
902 3677 1088 3738 therminum,
1106 3681 1183 3742 quod

253 3767 320 3816 Deus
345 3761 449 3812 obedire
475 3758 553 3808 debet
576 3759 700 3819 Dimoto,
729 3761 831 3826 proprie
849 3761 992 3825 significare
1012 3761 1094 3811 dicit:
1118 3764 1185 3814 »In

254 3853 313 3900 dem
343 3847 441 3896 Rciclso
467 3846 512 3893 des
539 3843 654 3904 Saturis,
679 3846 712 3893 in
736 3847 784 3895 der
808 3846 883 3895 nom.
904 3846 1017 3906 Eiteia,
1038 3846 1106 3913 lieqc
1128 3849 1182 3900 doe

258 3926 396 3986 Gottticiss'
423 3940 507 3981 anter
535 3932 595 3980 dom
616 3930 849 3981 Dunostsctes.”
898 3933 1009 3984 Citrictl.
1038 3932 1181 3997 liconien-

255 4021 343 4082 9eccls.
363 4017 419 4068 vot.
442 4016 464 4067 1.
485 4032 511 4081 p.
530 4015 592 4066 517.
611 4019 668 4066 not.
