2586 4718
541 331 606 392 219
641 382 645 395 ,

96 546 273 616 olesiastioia
283 594 294 627 ,
317 555 404 611 metu
424 543 595 623 simoniae,
617 553 649 609 ct
668 561 709 607 ne
728 539 870 608 homines
887 541 1073 631 egenosbo·

97 670 146 738 nis
170 667 351 760 privarent3
379 678 411 732 at
434 687 508 732 vero
526 684 595 756 spes
613 686 664 731 cos
684 662 826 746 tenebat,
846 663 932 744 fore,
949 677 985 730 ut
1004 663 1074 754 plus

97 789 277 881 prodessent
307 786 355 853 rei
385 784 601 866 Christianae,
626 783 844 874 Apostolorum
863 783 959 850 instar
978 782 1074 849 ober-

96 923 223 991 rantes,
251 930 347 999 quam
374 909 400 973 si
421 906 508 973 intra
532 905 622 971 unius
650 904 815 996 parochiae
834 905 911 973 fines
932 928 1076 986 commo·
1182 952 1189 969 .

98 1042 252 1099 rarentur.
300 1028 369 1094 Hoc
397 1024 526 1116 quidem
553 1025 759 1094 concionandi
776 1049 888 1094 munus
907 1027 968 1094 sibi
987 1049 1077 1094 arro-

99 1149 214 1239 gabant
242 1149 358 1237 absque
387 1146 611 1236 Episcoporum
641 1146 849 1228 auctoritate,
887 1149 947 1238 qud
977 1147 1016 1213 de
1043 1169 1078 1213 re

101 1267 380 1360 Archiepjsoopum
407 1264 660 1335 cantuariensem
678 1267 878 1334 vehementer
897 1281 1080 1358 querentem

101 1389 315 1459 audirimus1.
361 1388 498 1454 Eatenus
517 1386 613 1476 igitur
633 1388 747 1455 similes
766 1386 1015 1456 Mendicantium
1034 1389 1081 1455 fa·

99 1511 227 1591 miliae,
247 1522 399 1600 quatenus
415 1507 505 1576 valde
525 1509 690 1599 populares
708 1523 796 1577 eraut
814 1510 910 1600 inque
929 1509 1080 1600 populum

102 1633 166 1697 rim
186 1652 321 1696 exserere
329 1629 485 1719 imprimis
494 1626 682 1712 studebant,
697 1629 966 1720 distinguebantur
976 1643 1081 1698 tamon

100 1754 151 1820 vel
170 1751 304 1818 maxime
323 1750 468 1830 abistis,
493 1748 578 1840 quod
597 1750 693 1818 laicos
709 1775 774 1817 uon
794 1751 990 1818 delectabant
1009 1774 1083 1818 ver-

102 1871 216 1940 borum
240 1871 436 1962 praestigiis,
459 1869 581 1938 fabellis
600 1869 755 1959 rebusque
773 1870 937 1950 mirificis,
959 1869 1014 1936 sed
1032 1893 1083 1937 su·

103 1993 284 2086 perstitione
311 2015 363 2058 eos
389 1991 543 2057 exsolvere
569 1990 738 2082 cupiebant
758 1989 860 2080 iisque
876 1990 1012 2082 simplici
1030 2013 1085 2057 ra-

103 2115 189 2182 tione
222 2124 255 2178 et
282 2109 388 2199 linguai
413 2109 576 2175 vernaculi
603 2109 810 2200 Euangelium
838 2112 1085 2193 annuntiabant,

102 2233 156 2302 cui
171 2233 263 2298 unice
279 2242 424 2320 oportere
439 2228 686 2312 contendebant,
704 2246 737 2299 ut
754 2233 893 2300 Ecclesia
910 2230 1086 2301 Christiana
1133 2270 1135 2275 .

104 2365 253 2442 tauquam
273 2350 475 2418 fundamento
495 2336 693 2422 inniteretur.
740 2353 876 2420 Wicliffi
894 2366 998 2421 autem
1016 2355 1087 2445 pla·

104 2474 185 2553 cita,
220 2472 334 2562 quibus
360 2469 510 2562 deinceps
537 2473 597 2538 alia
615 2471 828 2556 ¹addiderunt,
851 2476 942 2564 longe
959 2477 1085 2568 lateque

103 2593 330 2675 diffundentes,
350 2593 500 2684 populum
516 2591 683 2661 studebant
699 2595 833 2662 excitare
848 2594 993 2665 advertiis
1006 2599 1085 2665 llic-
1109 2594 1111 2597 ’

105 2714 260 2784 sarabiam
278 2715 473 2796 Romanam,
492 2715 585 2804 eique
604 2714 809 2806 persuadere,
830 2740 933 2800 sacra,
954 2719 995 2786 ob
1015 2719 1086 2785 uni·

105 2858 224 2904 versam
249 2834 407 2903 Ecclesiae
435 2833 711 2925 depravationem,
738 2860 862 2928 prorsus
889 2862 955 2913 esse
972 2860 1087 2908 *emen-

105 2955 219 3026 danda.
267 2953 384 3042 Quodsi
406 2953 568 3037 doctrina,
588 2974 683 3047 quam
702 2957 882 3026 homiuibus
898 2947 1087 3042 tradebant,
1199 3023 1203 3034 .

105 3080 153 3153 its
172 3091 238 3144 erat
267 3073 516 3167 propugnanda,
548 3075 643 3142 luisse'
667 3074 814 3144 dicuntur
844 3079 928 3145 couti
953 3081 989 3147 in
1017 3079 1087 3148 die-

105 3195 246 3290 putando
268 3209 364 3286 atque
386 3193 476 3261 valde
500 3192 624 3276 diserti,
655 3193 899 3288 adversariisque
923 3199 990 3264 fere
1006 3172 1089 3266 sani.

108 3340 164 3408 per
192 3316 414 3414 superiores23
448 3336 551 3405 neque
568 3315 779 3405 provocabant
796 3317 829 3383 iu
848 3318 1001 3409 ejusmodi
1019 3318 1089 3388 dio·

110 3437 323 3526 putationibus
351 3435 392 3504 ad
419 3436 512 3503 aliam
538 3436 773 3520 auctoritatem,
798 3439 857 3506 uisi
876 3438 916 3526 ad
938 3439 1087 3510 codicem

112 3574 231 3624 sacrum
242 3564 269 3627 ³.

142 3794 152 3831 1
177 3790 236 3843 vid.
257 3805 351 3857 cupra,
372 3809 429 3860 pag.
452 3797 502 3849 18⁸
514 3815 555 3864 aq.
574 3825 606 3837 -
627 3801 638 3837 ²
657 3801 699 3852 Gi.
718 3801 867 3867 Knyqbton.
886 3821 913 3870 p.
931 3804 1010 3855 2665.

145 3876 156 3912 ³
184 3874 331 3943 Eallamus,
357 3875 425 3928 baud
448 3881 593 3944 immerito,
611 3883 952 3954 utuvidetur,‘compnrarlt
965 3891 1094 3945 bollardo·

178 3974 237 4009 cunr
260 3959 388 4009 coritanis
411 3958 526 4031 tempore
549 3968 652 4033 reginae
671 3968 840 4024 Elisabatbae.
856 3974 914 4024 vot.
930 3974 980 4024 111.
999 3991 1027 4041 p.
1046 3975 1096 4028 475

176 4058 215 4107 eq.
238 4069 269 4081 -
289 4044 329 4095 cl.
353 4043 473 4110 imprimis
492 4050 524 4130 do
543 4049 649 4104 wicliffi
666 4053 826 4119 fautoribus,
846 4058 922 4108 aociia
939 4063 968 4110 ct
984 4048 1103 4130 discipu-¹
