2586 4718
485 364 487 368 ν
556 329 621 392 255

97 551 168 617 sarit
190 548 228 613 de
240 547 297 613 ‘viai
315 556 347 610 et
366 544 486 609 ratione
497 589 507 622 ,
526 562 621 630 quam
640 541 674 605 in
693 537 754 606 hoc
772 539 964 630 perficiendo
984 563 1079 632 opere

96 684 217 750 secutus
247 680 312 748 est,
342 666 534 731 mentionem
560 662 655 729 etiam
674 662 782 753 injecit
803 660 843 727 de
863 662 922 728 aliai
942 664 1082 730 versione

101 792 254 881 Anglicd,
284 809 364 878 quae
388 787 544 874 tuncjam
563 783 716 853 aderat1:
744 783 828 851 unde
845 787 986 852 nonnulli
1004 808 1083 854 con-

99 912 264 980 cluderunt
276 960 286 992 ‚
313 909 430 1001 Anglos
452 920 524 974 ante
543 907 770 975 Wicliffianam
790 907 908 998 integri
928 909 996 998 jam
1025 931 1083 999 ga-

99 1035 178 1102 riscs
199 1033 293 1098 fuisse
312 1028 438 1098 Codicis
456 1030 535 1096 sacri
552 1030 693 1096 versione
704 1039 731 1099 ².
779 1027 842 1096 Sed
860 1027 935 1096 huic
954 1030 1085 1120 Prologo

103 1145 218 1220 indicia
247 1153 416 1220 certissima
444 1128 571 1231 insunt,
606 1173 686 1240 quae
714 1150 864 1241 scriptum
893 1173 965 1216 eum
994 1150 1087 1220 fuisse
1156 1179 1159 1184 ·

101 1287 171 1366 post
196 1272 333 1340 Wicliffi
357 1270 484 1353 demum
508 1271 631 1337 obitum
651 1270 796 1362 probant.
844 1271 948 1337 Verba
969 1273 1093 1342 scilicet

80 1435 81 1439 =
103 1393 257 1485 quaedam
283 1370 367 1482 doh}¹
392 1392 535 1460 Gereonii
553 1393 600 1458 ibi
617 1391 804 1463 laudantur:
822 1396 983 1484 jamvero
1003 1395 1086 1462 Ger·
1143 1453 1145 1458 ,

101 1516 236 1598 sonius,=
253 1515 308 1604 qni
335 1537 416 1580 anno
447 1518 533 1580 1363
560 1525 651 1580 natus
675 1528 740 1595 est,
761 1513 821 1581 hcc
840 1527 1003 1606 tempora,
1024 1539 1087 1606 quo
1156 1588 1160 1596 ‚

101 1639 283 1729 opusculum
309 1632 387 1701 illud
404 1636 555 1725 scriptum
576 1657 641 1702 esse
659 1636 801 1702 nonnulli
826 1649 958 1727 putant,
990 1638 1089 1728 scrip·

100 1765 163 1850 ptis
182 1760 243 1826 suis
262 1755 401 1824 nondum
419 1757 629 1838 inclaruerat,
656 1758 698 1823 ita
718 1772 753 1825 nt
771 1755 811 1824 ad
830 1761 895 1847 ejus
916 1760 1091 1826 auctorita-

102 1894 167 1946 tem
190 1880 352 1971 provocari
371 1892 485 1969 posset.
533 1878 712 1968 Respicitur
732 1877 765 1943 in
786 1901 823 1944 eo
842 1901 937 1968 porro
956 1878 996 1944 ad
1016 1881 1090 1945 Par·

101 2002 307 2087 liamentum‚
325 1999 472 2066 habitum
493 2021 573 2063 auno
596 2002 695 2087 1395.
736 1997 777 2062 Ει
794 1999 1004 2086 praeteream
1020 2000 1089 2072 MS.

102 2121 264 2210 ejusdem,
298 2117 381 2208 quod
415 2111 586 2184 assentatur
617 2118 651 2183 in
679 2116 872 2185 bibliotheca
899 2119 1091 2211 Bodlajand,

103 2255 187 2307 aetas
207 2241 362 2330 adscripta
382 2252 427 2307 cst
438 2288 449 2321 ‚
469 2240 513 2307 ita
534 2252 655 2321 tamen,
673 2254 710 2308 ut
730 2239 959 2309 evidentissime
977 2243 1092 2333 aliquia

101 2383 305 2431 numerorum
338 2361 501 2431 character
534 2364 575 2428 sit
609 2385 734 2443 erasus3
765 2383 838 2427 nam
868 2363 912 2429 sic
940 2365 1091 2456 scriptum

104 2496 172 2564 est,
200 2481 330 2551 Mccc.
360 2483 451 2551 vlll.
499 2484 696 2573 Quapropter
723 2505 832 2549 eorum
858 2485 1090 2576 comprobanda
1133 2486 1136 2500 '

100 2601 224 2668 ridetur
256 2603 456 2690 conjectura,
492 2603 548 2692 qni
576 2614 648 2669 ante
675 2624 841 2671 numerum
869 2605 961 2676 Vlll.
985 2598 1089 2676 'unum

101 2721 299 2788 inserendum
327 2745 391 2788 esse
418 2734 530 2813 putant
555 2722 790 2806 characterem,
808 2748 922 2818 nempe
944 2725 1000 2813 G.;
1027 2732 1088 2799 ita·
1151 2796 1155 2802 ,

100 2866 162 2933 que
187 2865 305 2908 annum
328 2842 374 2908 illi
394 2844 586 2918 constituunt
609 2850 695 2914 1408
709 2854 736 2916 ³.
784 2847 854 2915 Hoc
874 2849 1089 2920 modoomois

99 2964 218 3030 sublata
239 2975 284 3030 est
303 2962 490 3045 difficultas,
510 2979 542 3031 et
562 2966 608 3031 nil
626 2947 760 3056 amplius
780 2969 900 3049 obstat,
922 2973 1088 3059 quominus

15 3109 17 3113 ⁴
97 3086 239 3154 Wicliffo
268 3084 393 3153 laudem
423 3085 618 3164 tribuamus,
638 3086 870 3180 primumcum
890 3060 985 3155 fuisse
1004 3091 1088 3182 apud

99 3207 215 3298 Anglos
226 3255 237 3288 ,
270 3208 326 3296 qui
356 3205 509 3295 integram
536 3205 691 3271 librorum
722 3228 878 3288 sacrorum
907 3202 996 3276 dedit'
1014 3206 1088 3277 rer'-

101 3330 231 3400 aionem.
288 3326 325 3397 si
359 3327 429 3419 quia
461 3327 542 3394 forte
573 3339 722 3417 quaerat,
758 3327 827 3418 quia
853 3299 985 3421 Prologi
1006 3333 1089 3402 illiua

102 3461 208 3516 auctor
236 3449 354 3531 fucrit,
380 3447 553 3548 admodum
575 3447 743 3516 verisimile
762 3462 829 3533 eat,
849 3449 934 3518 hune
953 3453 1088 3523 Wicliffi
1151 3467 1159 3533 J
1198 3543 1203 3548 ἱ

96 3753 98 3756 ⁴
134 3741 144 3776 1
169 3738 228 3791 vid.
255 3737 356 3813 Babm,
385 3737 531 3800 Numam,
562 3742 614 3788 eto.
644 3753 672 3802 p.
697 3737 767 3788 llll.
787 3743 814 3788 et
833 3739 864 3792 11.
884 3739 1043 3790 erartonua
1062 3742 1094 3791 ad

166 3824 305 3875 Uocetium.
324 3839 351 3888 p.
372 3823 433 3872 425.

133 3911 145 3945 ²
169 3911 216 3958 lac
242 3908 358 3960 llaaarina
377 3913 405 3957 et
425 3908 504 3960 llenr.
522 3906 697 3966 Wbartonua,
710 3921 753 3972 op.
766 3906 836 3957 laud.
845 3922 871 3973 p.
882 3907 1024 3959 toreama
1035 3924 1093 3973 aqq.
1108 3895 1121 3963 J

134 3994 145 4031 ²
169 3995 240 4043 liano
269 4009 322 4043 ram
349 3993 385 4040 ita
403 3993 521 4058 exposuit
547 3991 646 4051 Baber,
667 3989 1095 4058 Memorn‚aaa.p.u1raq.ea

169 4079 271 4129 litator.
291 4078 428 4138 Araceni,
447 4080 500 4127 etc.
519 4095 545 4145 p.
564 4077 679 4129 rxvflr.
705 4091 709 4098 ·
