2586 4718
695 336 739 407 at

234 547 361 640 quidem
392 547 491 614 taetus
519 557 563 615 art
586 543 762 627 Wiolillus,
790 545 835 612 ita
863 559 898 612 ut
918 545 979 614 hoe
1001 569 1144 617 sermone
1160 553 1208 618 ia-

192 666 195 671 ’
234 672 295 738 eile
338 667 540 760 disputaverit
582 669 798 757 permultaque
834 667 1007 758 scripserits
1056 672 1208 761 ejusmodi

222 791 386 860 ‘aero'tuit
403 791 460 856 iste
483 810 584 857 sermo
596 837 606 871 ,
640 802 675 854 ut
702 810 741 854 ne
769 786 902 854 terream
931 790 1060 880 quidem
1085 794 1209 885 linguae

233 912 364 980 referret
381 924 534 991 aetatem,
557 908 612 979 aed
631 923 710 977 esset
727 909 952 978 contaminatus
972 912 1115 1007 omnibus
1139 917 1208 981 aeri

234 1008 338 1101 nnelis
363 1045 395 1100 et
421 1033 520 1102 taeue.
575 1030 665 1119 Quod
683 1031 725 1097 ad
744 1033 895 1101 Graecam
917 1034 1031 1102 attinet
1047 1036 1208 1123 linguam,

233 1152 326 1243 hujus
358 1165 479 1222 tantum
509 1175 572 1219 non
601 1151 743 1220 indoctus
770 1153 863 1221 fuisse
896 1153 1037 1226 ridetur:
1066 1157 1125 1224 tuit
1153 1181 1210 1224 au-

233 1268 321 1358 tern',
338 1287 370 1340 et
388 1272 521 1354 Oxonii,
537 1286 569 1342 et
586 1274 726 1354 Parisiis,
742 1275 789 1341 rir
804 1275 932 1343 Graecis
946 1275 1085 1344 eruditus
1092 1279 1210 1361 literis,

230 1409 303 1464 tuno
321 1418 414 1463 eorro
433 1403 559 1485 quoqu'e
575 1395 672 1460 rarior
691 1396 763 1461 albo
783 1404 810 1464 ¹.
872 1397 983 1485 Neque
1002 1399 1105 1464 minus
1122 1418 1209 1465 rarus

231 1504 320 1596 erat,
340 1517 395 1607 qui
413 1515 536 1584 modice
555 1515 691 1605 linguam
712 1516 885 1582 Hebraeam
902 1517 1005 1586 sciret.
1030 1519 1112 1585 Nam
1126 1517 1208 1586 hano

227 1635 391 1704 addiscere
417 1659 567 1727 perquam
592 1652 659 1702 erat
683 1635 833 1718 difficile,
854 1658 951 1727 quum
972 1639 1037 1728 ipsa
1056 1661 1131 1727 gens
1148 1641 1209 1707 Ju-

227 1751 341 1839 dates,
361 1756 423 1823 hue
442 1757 517 1824 illuo
535 1754 695 1847 disperse,
719 1757 838 1847 patriae
858 1757 983 1848 linguae
1001 1780 1113 1849 parum
1132 1770 1211 1829 esset

112 1872 115 1878 ¹
226 1885 368 1971 {thorah
393 1890 488 1968 atque
513 1875 649 1966 theologi
679 1875 719 1942 de
748 1878 846 1943 reteri
867 1877 1065 1947 Testamento
1082 1900 1120 1947 ex
1144 1882 1209 1950 lle·

229 1993 337 2066 braieo
351 2018 492 2066 sermone
506 1994 742 2088 interpretando
756 1998 822 2064 fere
831 2019 893 2065 non
904 1999 1093 2089 cogitarent,
1102 2004 1207 2091 prouti

224 2133 288 2187 neo
315 2121 434 2187 Graeoe
451 2138 567 2186 norum
585 2118 741 2208 legebant.
782 2119 959 2186 Utebantnr
979 2143 1052 2187 rero
1070 2121 1210 2187 versione

230 2239 342 2311 horum
361 2242 516 2308 librorum
535 2239 665 2322 Latini3
687 2260 782 2328 qnam
800 2239 978 2307 Wioliffum
996 2263 1121 2331 quoque
1136 2263 1210 2308 oon·

226 2348 355 2432 suluisse
373 2365 580 2454 plerumque,
603 2373 757 2451 putarem.
793 2362 942 2429 Fortassis
960 2375 1064 2428 tamen
1082 2385 1117 2428 er
1136 2386 1210 2428 oon·

228 2529 537 2549 fiam—³·-

245 2624 270 2670 Ἰ
287 2625 368 2682 Ῑθιέο.
397 2634 483 2681 antem
508 2631 575 2681 1111·
587 2630 731 2682 floruerunt
753 2634 779 2682 in
800 2633 893 2698 Anglia
911 2631 1056 2695 duumviri,
1076 2633 1218 2699 dequibus

244 2745 251 2755 ι
293 2717 413 2777 onustat,
432 2730 476 2763 eoa
495 2714 608 2766 Graeeae
626 2717 728 2782 linguae
746 2717 844 2782 peritos
864 2718 958 2774 tuisse,
979 2721 1093 2781 llogerna
1112 2721 1219 2770 llaeoet

292 2799 402 2857 tttehael
431 2799 539 2863 Sootua;
568 2807 677 2865 uterque
704 2801 735 2850 ad
752 2801 882 2849 literarum
899 2801 1064 2863 antiquarum
1085 2801 1216 2861 studium,

293 2899 339 2951 pro
355 2883 456 2932 illorum
470 2886 612 2949 temporum
626 2886 742 2946 ratione,
759 2883 850 2934 eximie
864 2899 891 2932 ae
898 2883 1033 2949 applicuit.
1052 2884 1090 2933 Cf.
1099 2884 1215 2944 lleeren,

247 2988 257 2996 ·
294 2962 370 3018 atat.
390 2982 416 3032 p.
434 2963 497 3015 244.
599 2992 601 2996 ,

243 3053 277 3117 j·
296 3051 367 3115 Saea.
392 3056 476 3100 temen
503 3050 553 3100 Xll
579 3056 605 3101 et
622 3051 686 3101 1111
706 3048 800 3100 eruditi
819 3048 923 3114 quidam
940 3047 1032 3098 Judaei
1051 3048 1218 3110 benemeriti

294 3138 355 3186 aunt
371 3133 403 3183 de
422 3134 635 3201 interpretatione
651 3135 745 3185 veteris
765 3134 936 3194 Testamenti,
954 3133 999 3183 sed
1006 3133 1165 3197 floruerunt,
1178 3139 1219 3187 rel

296 3223 324 3271 ir'r‘
340 3221 422 3271 Gallia
436 3220 613 3280 meridionali,
632 3220 674 3269 vel
691 3220 719 3267 in
734 3218 870 3282 Hispania,
892 3219 943 3282 qud
961 3218 988 3267 in
1008 3220 1112 3284 regione
1132 3221 1219 3285 lingua

246 3331 251 3340 ·
297 3307 373 3358 etiam
383 3304 491 3358 Arabica
509 3301 795 3366 amonaohislliapanis
811 3300 1006 3362 addiaoabatur,
1022 3302 1120 3353 etiamsi
1130 3305 1218 3355 litera-

297 3386 353 3439 rum
376 3388 462 3438 studio
482 3386 625 3452 proliounm
648 3383 673 3433 id
693 3383 771 3431 tuisse
787 3398 840 3432 non
860 3387 959 3449 pateat.
997 3386 1135 3438 Saracenos
1151 3390 1219 3439 enim

252 3478 254 3482 '
299 3477 337 3525 et'
354 3472 465 3524 ludaeos
488 3469 520 3519 ad
547 3468 622 3517 tidem
650 3465 820 3516 Christianam
848 3466 974 3518 adducere
1004 3468 1042 3518 illi
1070 3466 1219 3525 voluerunt.

298 3561 386 3623 lteque
405 3560 489 3605 tamen
497 3566 600 3618 prorsus
609 3551 697 3614 ignota
718 3553 775 3602 erat
790 3549 963 3601 Hebraeorum
980 3545 1067 3617 lingua
1074 3555 1101 3603 in
1112 3556 1220 3621 Angliae

298 3644 393 3693 etenim
418 3653 486 3687 eaeo.
510 3635 839 3700 x111naoo,quemjsm
855 3635 1001 3698 nominari,
1017 3638 1079 3687 eatis
1096 3655 1151 3689 earn
1166 3642 1220 3690 oal-

295 3726 373 3775 lniaee
389 3723 487 3778 fertur,
507 3723 535 3768 et
553 3735 622 3771 eaeo.
641 3717 700 3769 XIV
707 3718 799 3782 initio,
812 3721 938 3791 Judaeum
951 3724 1089 3787 quendam,
1101 3726 1133 3776 ad
1143 3727 1219 3777 tidem

296 3808 392 3858 christi
417 3819 587 3867 conversum,
612 3804 752 3856 Hebraeam
782 3807 896 3872 linguam
919 3810 1011 3859 oxonii
1026 3811 1159 3871 doouiaae,
1179 3828 1221 3862 re-

248 3938 263 3948 „
298 3889 507 3945 t'ert.Woodins.'
521 3890 552 3940 ln
566 3891 736 3942 universitate
752 3907 813 3942 vero
830 3893 946 3945 Parisint
955 3896 1130 3963 reperiebatur
1138 3896 1220 3947 lroooe

296 3991 360 4029 aero
377 3975 521 4041 theologiae
531 3975 642 4039 deuter,
662 3976 795 4028 ltioolanm
810 3977 928 4043 intelligo
944 3979 1069 4044 lyranum
1082 3979 1111 4047 (τ
1128 3977 1218 4047 1840),

296 4061 342 4123 qui
359 4063 387 4111 et
404 4059 544 4112 Graecast
560 4058 684 4114 Habraioe
701 4063 802 4127 aereas
821 4061 914 4115 doetus
931 4067 997 4117 erat.
