2586 4718
517 285 671 382 'rs'

95 543 202 598 corum
220 521 470 612 depravationem
490 518 715 611 reprehendit,
744 533 809 588 tum
832 519 985 610 imprimis
1003 543 1076 607 nro·

98 643 267 712 nachorem
296 641 544 711 Mendicantium
570 663 600 707 se
620 641 764 730 opposuit
790 640 934 732 pravitati
953 656 983 708 et
1003 666 1079 734 pes-

98 767 182 834 simis
201 763 332 845 studiis,
357 761 408 831 sed
430 762 555 828 fuerunt
575 775 607 828 et
628 761 704 843 alii,
728 761 782 853 qui
808 775 934 831 eatenus
952 777 1079 852 agerent

98 887 251 968 eandem,
277 908 370 975 quam
390 885 456 970 ille,
474 863 615 966 causam,
636 906 814 974 quanquam
830 883 951 951 diverso
966 885 1076 967 ruodo,

98 1030 157 1077 nec
185 1020 288 1074 tamen
316 1007 418 1072 miuus
437 1003 568 1074 efficaci.
614 1004 651 1070 In
677 1004 789 1092 lngus
808 1027 932 1094 quoque
943 1054 953 1086 ,
974 1007 1080 1095 prouti

100 1129 132 1193 iu
154 1128 265 1208 ltalii,
290 1128 410 1208 Galliis,
436 1126 620 1206 Germanii,
654 1125 834 1193 exstiterunt
862 1134 992 1216 politae,
1026 1127 1081 1216 qui

102 1247 237 1315 studium
264 1257 389 1338 poeseos
418 1246 500 1339 apud
527 1247 691 1336 populares
726 1269 793 1311 suos
825 1247 1011 1328 excitantes,
1047 1270 1083 1313 ac
1121 1305 1122 1310 ,

102 1369 240 1457 linguam
268 1368 401 1457 petriam
429 1369 600 1434 excolentes
621 1380 653 1433 et
669 1366 840 1455 polientes,
863 1365 955 1432 simul
976 1368 1083 1456 erogi-

102 1491 211 1557 tabant
238 1491 270 1555 in
290 1487 480 1555 carminibus
492 1488 562 1555 *suis
582 1488 767 1554 elericorum
782 1487 868 1557 vitia.
917 1487 977 1556 Ser
995 1489 1084 1556 annis

102 1623 195 1690 ante,
219 1631 312 1698 quam
340 1609 474 1676 Wicliffi
492 1608 661 1699 seriptum:
683 1607 726 1673 de
741 1609 863 1675 ultimi
881 1618 992 1675 aetate
1009 1609 1085 1677 Ee·

103 1733 241 1811 etesiae,
257 1731 290 1797 in
314 1730 416 1798 lucem
434 1728 610 1811 edebatur,
633 1727 752 1820 prodiit
767 1730 799 1795 in
819 1730 930 1820 nngtis
949 1740 1084 1821 potima,

89 1853 206 1942 'patrio
235 1873 374 1918 sermone
403 1851 636 1942 conscriptum,
672 1851 784 1919 titulo:
818 1850 887 1916 The
904 1855 1026 1917 aristone
1050 1856 1093 1942 of
1102 1871 1104 1877 ·

104 1976 224 2042 Pet'roe
238 1976 415 2065 plowmom
436 1972 592 2059 (Visiones
612 1972 697 2035 Petri
717 1970 880 2056 aratoris),
896 1973 986 2058 eujus
1006 1993 1085 2036 aue-

103 2109 151 2163 tor
169 2096 325 2162 liobertus
346 2059 564 2180 Louglandns,
581 2087 745 2169 sacerdos,
769 2101 860 2155 uatus
883 2090 915 2154 iu
934 2092 1086 2159 comitatu

23 2301 28 2306 „
105 2215 271 2303 Selopiae,
305 2209 432 2276 habitus
469 2220 535 2299 est,
584 2207 622 2277 ln
656 2208 716 2276 hoc
748 2201 893 2300 poemate
921 2213 1086 2302 allegorico

103 2334 214 2401 acerbe
241 2331 489 2424 perstringuntur
518 2329 674 2395 Ecclesiae
700 2331 798 2413 vitia,
822 2331 956 2397 maxime
973 2354 1087 2422 super-

106 2454 190 2522 stitio
202 2504 212 2535 ‚
237 2476 316 2542 quoe
336 2453 438 2517 ubivis
466 2451 658 2544 invaluerat,
683 2462 776 2537 atque
803 2449 948 2517 ordinum
972 2430 1086 2520 mona-

106 2576 267 2643 chicorum
289 2573 414 2660 xingens
448 2569 652 2659 perversitas;
689 2582 755 2639 tum
788 2570 885 2637 etiam
915 2570 955 2637 de
982 2574 1086 2641 futuri

107 2694 329 2779 reformatione
364 2691 522 2783 praeclare
559 2703 642 2757 vates
679 2691 734 2756 ille
771 2693 885 2760 cecinit
912 2704 939 2764 1.
986 2695 1087 2785 Hujus

55 2803 58 2808 ’
106 2813 279 2906 Longlundi
308 2812 477 2880 sententiae
510 2834 581 2879 eum
619 2812 754 2879 Wicliffi
783 2813 894 2881 iisdem
925 2815 965 2881 de
994 2817 1092 2885 rebus,

107 2934 260 3004 sentiendi
277 2934 397 3002 ratione
417 2932 538 3023 egregie
557 2933 722 3000 convenire
746 2933 914 3006 dicuntur:
939 2938 1089 3026 quocirca

106 3058 195 3126 ralde
213 3056 377 3149 probabile
396 3067 463 3135 est,
487 3055 617 3121 alterum
638 3056 679 3121 ab
696 3056 792 3123 oltero
802 3071 911 3149 mutuo
920 3060 1092 3148 profecisse>
1186 3062 1188 3068 ’

104 3179 146 3248 od
166 3177 347 3247 tentandam
372 3175 528 3243 Ecclesiae
558 3173 830 3260 emendationem,
870 3202 964 3269 quam
998 3193 1088 3247 uter-

106 3324 168 3393 que
195 3321 346 3392 perquem
377 3296 580 3365 neeessariam
614 3294 737 3368 habuit.
791 3299 925 3367 Wicliffi
960 3325 1085 3393 quoque

104 3422 239 3512 vestigiis
257 3422 398 3519 insistens
421 3418 678 3487 celebratissimus
703 3419 755 3487 ille
779 3420 950 3510 Anglorum
968 3434 1083 3515 poe'ta,

138 3605 148 3639 1
175 3602 213 3651 lie
230 3604 283 3652 irad
294 3605 430 3668 soretold,
451 3607 488 3655 ait
504 3606 673 3671 Vnughanus,
693 3607 737 3656 tlte
751 3610 936 3675 approaelti-ng
957 3615 1091 3679 reformo-

174 3689 232 3736 tiott
251 3687 318 3736 toitlt
332 3703 349 3736 o
368 3688 561 3750 utsttooteesa,
580 3691 641 3740 star
664 3694 820 3742 cotonislted
836 3695 891 3743 und
899 3697 1095 3761 delipbtedtbo-

172 3785 234 3821 mett
242 3770 298 3836 oso
308 3771 378 3820 luter
387 3789 444 3837 oye.
456 3775 514 3824 Vol.
525 3776 559 3827 11.
568 3793 594 3841 p.
607 3775 669 3827 149.
681 3778 771 3827 lioleus
780 3779 869 3842 igitur,
881 3797 949 3831 soen.
962 3783 1018 3830 xvt
1026 3783 1091 3829 sori-

172 3856 235 3905 benr
246 3889 254 3915 ‚
266 3853 330 3902 dixit
340 3855 371 3903 de
381 3857 520 3922 Longlundi
531 3865 650 3926 poemate
662 3881 668 3911 ι
680 3862 715 3911 In
724 3865 772 3913 lroc
780 3880 858 3928 opere
868 3868 1096 3930 cruditopraetac

175 3937 371 3988 similitudines
389 3945 481 3992 corios
501 3951 527 3994 et
539 3947 697 4011 jucunder,
717 3949 874 4014 prophetice
883 3949 968 4014 pidre
979 3953 1098 4015 proed&

174 4027 235 4084 eit,
256 4040 325 4091 quoe
341 4029 443 4078 nostrie
455 4031 553 4088 ,diodor
572 4032 683 4099 implori
701 4035 833 4085 statores·
847 4035 921 4084 Ceut.
937 4035 963 4085 6.
983 4053 1009 4103 p.
1029 4037 1094 4095 474,
