<?xml version="1.0" encoding="UTF-8"?>
<!DOCTYPE html PUBLIC "-//W3C//DTD XHTML 1.0 Transitional//EN"
    "http://www.w3.org/TR/xhtml1/DTD/xhtml1-transitional.dtd">
<html xmlns="http://www.w3.org/1999/xhtml" xml:lang="en" lang="en">
 <head>
  <title>
</title>
<meta http-equiv="Content-Type" content="text/html;charset=utf-8" />
  <meta name='ocr-system' content='tesseract 3.04.00' />
  <meta name='ocr-capabilities' content='ocr_page ocr_carea ocr_par ocr_line ocrx_word'/>
</head>
<body>
  <div class='ocr_page' id='page_1' title='image "./diatribeinjohan00unkngoog_0133.png"; bbox 0 0 2586 4718; ppageno 0'>
   <div class='ocr_carea' id='block_1_1' title="bbox 480 256 543 319">
    <p class='ocr_par' dir='ltr' id='par_1_1' title="bbox 480 256 543 319">
     <span class='ocr_line' id='line_1_1' title="bbox 480 256 543 319; baseline 0 0"><span class='ocrx_word' id='word_1_1' title='bbox 480 256 543 319; x_wconf 86' lang='lat'>112</span> 
     </span>
    </p>
   </div>
   <div class='ocr_carea' id='block_1_2' title="bbox 19 466 1116 2012">
    <p class='ocr_par' dir='ltr' id='par_1_2' title="bbox 19 466 1116 2012">
     <span class='ocr_line' id='line_1_2' title="bbox 29 466 1016 566; baseline 0.011 -31"><span class='ocrx_word' id='word_1_2' title='bbox 29 471 185 563; x_wconf 78' lang='lat' dir='ltr'>profectus</span> <span class='ocrx_word' id='word_1_3' title='bbox 211 478 277 546; x_wconf 83' lang='lat' dir='ltr'>est,</span> <span class='ocrx_word' id='word_1_4' title='bbox 306 466 386 531; x_wconf 84' lang='lat' dir='ltr'>bene</span> <span class='ocrx_word' id='word_1_5' title='bbox 406 469 559 557; x_wconf 76' lang='lat' dir='ltr'>cognitus</span> <span class='ocrx_word' id='word_1_6' title='bbox 591 480 659 534; x_wconf 84' lang='lat' dir='ltr'>erst</span> <span class='ocrx_word' id='word_1_7' title='bbox 689 471 756 559; x_wconf 77' lang='lat' dir='ltr'>regi</span> <span class='ocrx_word' id='word_1_8' title='bbox 774 472 943 566; x_wconf 81' lang='lat' dir='ltr'>multisque</span> <span class='ocrx_word' id='word_1_9' title='bbox 974 480 1016 545; x_wconf 83' lang='lat' dir='ltr'>in</span> 
     </span>
     <span class='ocr_line' id='line_1_3' title="bbox 25 578 1116 684; baseline 0.008 -27"><span class='ocrx_word' id='word_1_10' title='bbox 25 613 121 684; x_wconf 73' lang='lat' dir='ltr'>reguo</span> <span class='ocrx_word' id='word_1_11' title='bbox 159 588 232 654; x_wconf 77' lang='lat' dir='ltr'>siris</span> <span class='ocrx_word' id='word_1_12' title='bbox 271 584 490 668; x_wconf 79' lang='lat' dir='ltr'>nobilissimis,</span> <span class='ocrx_word' id='word_1_13' title='bbox 526 600 620 678; x_wconf 83' lang='lat' dir='ltr'>atque</span> <span class='ocrx_word' id='word_1_14' title='bbox 653 591 824 668; x_wconf 76' lang='lat' dir='ltr'>sententies</span> <span class='ocrx_word' id='word_1_15' title='bbox 860 578 927 683; x_wconf 85' lang='lat' dir='ltr'>ejus</span> <span class='ocrx_word' id='word_1_16' title='bbox 969 597 1015 666; x_wconf 87' lang='lat' dir='ltr'>de</span> <span class='ocrx_word' id='word_1_17' title='bbox 1077 664 1081 671; x_wconf 91' lang='grc'><em>,</em></span> <span class='ocrx_word' id='word_1_18' title='bbox 1113 605 1116 610; x_wconf 82' lang='grc'><strong>’</strong></span> 
     </span>
     <span class='ocr_line' id='line_1_4' title="bbox 26 707 1014 799; baseline 0.007 -20"><span class='ocrx_word' id='word_1_19' title='bbox 26 707 209 779; x_wconf 73' lang='lat' dir='ltr'>Hierorchils</span> <span class='ocrx_word' id='word_1_20' title='bbox 237 707 397 787; x_wconf 68' lang='lat' dir='ltr'>Romani,</span> <span class='ocrx_word' id='word_1_21' title='bbox 430 708 521 772; x_wconf 89' lang='lat' dir='ltr'>simul</span> <span class='ocrx_word' id='word_1_22' title='bbox 550 721 644 799; x_wconf 78' lang='lat' dir='ltr'>utque</span> <span class='ocrx_word' id='word_1_23' title='bbox 673 711 805 799; x_wconf 81' lang='lat' dir='ltr'>publico</span> <span class='ocrx_word' id='word_1_24' title='bbox 825 714 1014 786; x_wconf 80' lang='lat' dir='ltr'>‚innotesce-</span> 
     </span>
     <span class='ocr_line' id='line_1_5' title="bbox 25 826 1017 919; baseline -0.003 -21"><span class='ocrx_word' id='word_1_25' title='bbox 25 833 122 911; x_wconf 83' lang='lat' dir='ltr'>bant,</span> <span class='ocrx_word' id='word_1_26' title='bbox 140 851 202 895; x_wconf 93' lang='lat' dir='ltr'>non</span> <span class='ocrx_word' id='word_1_27' title='bbox 220 838 364 919; x_wconf 77' lang='lat' dir='ltr'><strong>poterant</strong></span> <span class='ocrx_word' id='word_1_28' title='bbox 381 848 441 892; x_wconf 94' lang='lat' dir='ltr'>non</span> <span class='ocrx_word' id='word_1_29' title='bbox 462 826 585 917; x_wconf 84' lang='lat' dir='ltr'>placere</span> <span class='ocrx_word' id='word_1_30' title='bbox 605 828 687 895; x_wconf 87' lang='lat' dir='ltr'>Iluei</span> <span class='ocrx_word' id='word_1_31' title='bbox 706 830 903 901; x_wconf 79' lang='lat' dir='ltr'>Lcneastriee</span> <span class='ocrx_word' id='word_1_32' title='bbox 914 859 924 918; x_wconf 92' lang='lat'>;</span> <span class='ocrx_word' id='word_1_33' title='bbox 936 861 1017 907; x_wconf 34' lang='lat' dir='ltr'>iou.</span> 
     </span>
     <span class='ocr_line' id='line_1_6' title="bbox 19 945 1017 1044; baseline 0.008 -26"><span class='ocrx_word' id='word_1_34' title='bbox 19 957 72 1044; x_wconf 88' lang='lat' dir='ltr'>jus</span> <span class='ocrx_word' id='word_1_35' title='bbox 101 947 253 1018; x_wconf 83' lang='lat' dir='ltr'>sentiendi</span> <span class='ocrx_word' id='word_1_36' title='bbox 272 947 352 1013; x_wconf 85' lang='lat' dir='ltr'>ratio</span> <span class='ocrx_word' id='word_1_37' title='bbox 378 945 418 1012; x_wconf 90' lang='lat' dir='ltr'>de</span> <span class='ocrx_word' id='word_1_38' title='bbox 439 946 532 1013; x_wconf 88' lang='lat' dir='ltr'>rebus</span> <span class='ocrx_word' id='word_1_39' title='bbox 550 949 695 1016; x_wconf 83' lang='lat' dir='ltr'>civilibus</span> <span class='ocrx_word' id='word_1_40' title='bbox 712 965 745 1019; x_wconf 87' lang='lat' dir='ltr'>et</span> <span class='ocrx_word' id='word_1_41' title='bbox 761 954 1017 1043; x_wconf 79' lang='lat' dir='ltr'>Ecclesiastiois,</span> 
     </span>
     <span class='ocr_line' id='line_1_7' title="bbox 25 1066 1017 1163; baseline 0.008 -26"><span class='ocrx_word' id='word_1_42' title='bbox 25 1073 128 1163; x_wconf 89' lang='lat' dir='ltr'>deque</span> <span class='ocrx_word' id='word_1_43' title='bbox 158 1068 327 1135; x_wconf 72' lang='lat' dir='ltr'>necessaris</span> <span class='ocrx_word' id='word_1_44' title='bbox 356 1066 513 1133; x_wconf 80' lang='lat' dir='ltr'>Ecclesiae</span> <span class='ocrx_word' id='word_1_45' title='bbox 545 1068 735 1158; x_wconf 77' lang='lat' dir='ltr'>lnglionnne</span> <span class='ocrx_word' id='word_1_46' title='bbox 763 1074 1017 1163; x_wconf 81' lang='lat' dir='ltr'>reformatione,-</span> 
     </span>
     <span class='ocr_line' id='line_1_8' title="bbox 24 1181 1019 1289; baseline 0.007 -30"><span class='ocrx_word' id='word_1_47' title='bbox 24 1181 85 1259; x_wconf 87' lang='lat' dir='ltr'>nisi</span> <span class='ocrx_word' id='word_1_48' title='bbox 103 1190 221 1270; x_wconf 86' lang='lat' dir='ltr'>omni,</span> <span class='ocrx_word' id='word_1_49' title='bbox 245 1202 351 1255; x_wconf 80' lang='lat' dir='ltr'>tumen</span> <span class='ocrx_word' id='word_1_50' title='bbox 373 1188 484 1276; x_wconf 71' lang='lat' dir='ltr'>magni</span> <span class='ocrx_word' id='word_1_51' title='bbox 502 1209 538 1253; x_wconf 85' lang='lat' dir='ltr'>ex</span> <span class='ocrx_word' id='word_1_52' title='bbox 556 1201 667 1278; x_wconf 78' lang='lat' dir='ltr'>porte,</span> <span class='ocrx_word' id='word_1_53' title='bbox 691 1214 763 1259; x_wconf 90' lang='lat' dir='ltr'>oum</span> <span class='ocrx_word' id='word_1_54' title='bbox 782 1194 916 1262; x_wconf 86' lang='lat' dir='ltr'>Wicliffi</span> <span class='ocrx_word' id='word_1_55' title='bbox 936 1201 1019 1289; x_wconf 79' lang='lat' dir='ltr'>ple-</span> 
     </span>
     <span class='ocr_line' id='line_1_9' title="bbox 25 1309 1018 1409; baseline 0.005 -27"><span class='ocrx_word' id='word_1_56' title='bbox 25 1316 94 1382; x_wconf 75' lang='lat' dir='ltr'>citis</span> <span class='ocrx_word' id='word_1_57' title='bbox 127 1309 385 1400; x_wconf 63' lang='lat' dir='ltr'>conspirobcnv.</span> <span class='ocrx_word' id='word_1_58' title='bbox 432 1309 590 1400; x_wconf 79' lang='lat' dir='ltr'>Quicquid</span> <span class='ocrx_word' id='word_1_59' title='bbox 618 1326 724 1380; x_wconf 80' lang='lat' dir='ltr'>nutem</span> <span class='ocrx_word' id='word_1_60' title='bbox 749 1328 795 1382; x_wconf 86' lang='lat' dir='ltr'>est</span> <span class='ocrx_word' id='word_1_61' title='bbox 823 1315 862 1382; x_wconf 87' lang='lat' dir='ltr'>de</span> <span class='ocrx_word' id='word_1_62' title='bbox 887 1341 1018 1409; x_wconf 85' lang='lat' dir='ltr'>oppor-</span> 
     </span>
     <span class='ocr_line' id='line_1_10' title="bbox 24 1429 1016 1521; baseline 0.006 -19"><span class='ocrx_word' id='word_1_63' title='bbox 24 1435 157 1503; x_wconf 75' lang='lat' dir='ltr'>tunitate</span> <span class='ocrx_word' id='word_1_64' title='bbox 168 1481 179 1513; x_wconf 85' lang='lat'><em>,</em></span> <span class='ocrx_word' id='word_1_65' title='bbox 211 1432 271 1520; x_wconf 77' lang='lat' dir='ltr'>qusl</span> <span class='ocrx_word' id='word_1_66' title='bbox 299 1429 347 1496; x_wconf 93' lang='lat' dir='ltr'>illi</span> <span class='ocrx_word' id='word_1_67' title='bbox 369 1430 430 1496; x_wconf 89' lang='lat' dir='ltr'>sibi</span> <span class='ocrx_word' id='word_1_68' title='bbox 455 1431 591 1498; x_wconf 80' lang='lat' dir='ltr'>invicem</span> <span class='ocrx_word' id='word_1_69' title='bbox 609 1434 826 1517; x_wconf 77' lang='lat' dir='ltr'>innotuerint,</span> <span class='ocrx_word' id='word_1_70' title='bbox 849 1437 934 1521; x_wconf 87' lang='lat' dir='ltr'>hoo,</span> <span class='ocrx_word' id='word_1_71' title='bbox 959 1443 1016 1510; x_wconf 79' lang='lat' dir='ltr'>uti</span> 
     </span>
     <span class='ocr_line' id='line_1_11' title="bbox 21 1542 1016 1642; baseline 0.006 -20"><span class='ocrx_word' id='word_1_72' title='bbox 21 1542 306 1629; x_wconf 76' lang='lat' dir='ltr'>mox&#39;ridebimus,</span> <span class='ocrx_word' id='word_1_73' title='bbox 327 1562 465 1633; x_wconf 82' lang='lat' dir='ltr'>consus,</span> <span class='ocrx_word' id='word_1_74' title='bbox 491 1552 694 1642; x_wconf 87' lang='lat' dir='ltr'>professorem</span> <span class='ocrx_word' id='word_1_75' title='bbox 714 1554 919 1624; x_wconf 86' lang='lat' dir='ltr'>Oronienscm</span> <span class='ocrx_word' id='word_1_76' title='bbox 939 1561 1016 1629; x_wconf 91' lang='lat' dir='ltr'>sin-</span> 
     </span>
     <span class='ocr_line' id='line_1_12' title="bbox 23 1670 1014 1760; baseline 0.006 -18"><span class='ocrx_word' id='word_1_77' title='bbox 23 1673 212 1742; x_wconf 66' lang='lat' dir='ltr'>cousuluisse</span> <span class='ocrx_word' id='word_1_78' title='bbox 235 1683 397 1760; x_wconf 81' lang='lat' dir='ltr'>receptum</span> <span class='ocrx_word' id='word_1_79' title='bbox 420 1670 454 1736; x_wconf 94' lang='lat' dir='ltr'>in</span> <span class='ocrx_word' id='word_1_80' title='bbox 474 1673 671 1740; x_wconf 86' lang='lat' dir='ltr'>illustrissimi</span> <span class='ocrx_word' id='word_1_81' title='bbox 691 1675 787 1744; x_wconf 88' lang='lat' dir='ltr'>Ilueis</span> <span class='ocrx_word' id='word_1_82' title='bbox 808 1679 1014 1749; x_wconf 79' lang='lat' dir='ltr'>Leucostriee</span> 
     </span>
     <span class='ocr_line' id='line_1_13' title="bbox 23 1791 1035 1892; baseline 0.015 -37"><span class='ocrx_word' id='word_1_83' title='bbox 23 1796 222 1875; x_wconf 74' lang='lat' dir='ltr'>amicitiam,</span> <span class='ocrx_word' id='word_1_84' title='bbox 256 1814 350 1882; x_wconf 78' lang='lat' dir='ltr'>quum</span> <span class='ocrx_word' id='word_1_85' title='bbox 381 1791 510 1882; x_wconf 89' lang='lat' dir='ltr'>quidem</span> <span class='ocrx_word' id='word_1_86' title='bbox 535 1806 663 1861; x_wconf 73' lang='lat' dir='ltr'>naturae</span> <span class='ocrx_word' id='word_1_87' title='bbox 691 1795 843 1886; x_wconf 85' lang='lat' dir='ltr'>quaedum</span> <span class='ocrx_word' id='word_1_88' title='bbox 863 1803 1035 1892; x_wconf 29' lang='lat' dir='ltr'>cognatio·</span> 
     </span>
     <span class='ocr_line' id='line_1_14' title="bbox 23 1913 333 2012; baseline -0.003 -27"><span class='ocrx_word' id='word_1_89' title='bbox 23 1918 181 2012; x_wconf 83' lang='lat' dir='ltr'>peperisse</span> <span class='ocrx_word' id='word_1_90' title='bbox 198 1913 333 1984; x_wconf 81' lang='lat' dir='ltr'>videtur.</span> 
     </span>
    </p>
   </div>
   <div class='ocr_carea' id='block_1_3' title="bbox 18 2155 1009 3220">
    <p class='ocr_par' dir='ltr' id='par_1_3' title="bbox 18 2155 1009 3220">
     <span class='ocr_line' id='line_1_15' title="bbox 66 2155 1009 2254; baseline -0.005 -28"><span class='ocrx_word' id='word_1_91' title='bbox 66 2158 226 2226; x_wconf 77' lang='lat' dir='ltr'>lohannes</span> <span class='ocrx_word' id='word_1_92' title='bbox 244 2157 297 2224; x_wconf 87' lang='lat' dir='ltr'>ille</span> <span class='ocrx_word' id='word_1_93' title='bbox 317 2155 427 2225; x_wconf 76' lang='lat' dir='ltr'>Comes</span> <span class='ocrx_word' id='word_1_94' title='bbox 446 2159 505 2225; x_wconf 89' lang='lat' dir='ltr'>fuit</span> <span class='ocrx_word' id='word_1_95' title='bbox 526 2157 773 2228; x_wconf 84' lang='lat' dir='ltr'>Richemondine</span> <span class='ocrx_word' id='word_1_96' title='bbox 785 2170 823 2244; x_wconf 85' lang='lat'>²,</span> <span class='ocrx_word' id='word_1_97' title='bbox 846 2176 899 2245; x_wconf 84' lang='lat' dir='ltr'>et,</span> <span class='ocrx_word' id='word_1_98' title='bbox 916 2180 1009 2254; x_wconf 75' lang='lat' dir='ltr'>post.</span> 
     </span>
     <span class='ocr_line' id='line_1_16' title="bbox 23 2277 1006 2373; baseline 0.005 -25"><span class='ocrx_word' id='word_1_99' title='bbox 23 2303 117 2373; x_wconf 80' lang='lat' dir='ltr'>qnam</span> <span class='ocrx_word' id='word_1_100' title='bbox 145 2279 242 2346; x_wconf 84' lang='lat' dir='ltr'>filiam</span> <span class='ocrx_word' id='word_1_101' title='bbox 268 2278 398 2345; x_wconf 83' lang='lat' dir='ltr'>ilenrioi</span> <span class='ocrx_word' id='word_1_102' title='bbox 418 2277 515 2346; x_wconf 86' lang='lat' dir='ltr'>Ducis</span> <span class='ocrx_word' id='word_1_103' title='bbox 533 2279 752 2362; x_wconf 65' lang='lat' dir='ltr'>Larentiae,</span> <span class='ocrx_word' id='word_1_104' title='bbox 773 2283 911 2351; x_wconf 84' lang='lat' dir='ltr'>Blanehe</span> <span class='ocrx_word' id='word_1_105' title='bbox 929 2284 1006 2355; x_wconf 90' lang='lat' dir='ltr'>dic-</span> 
     </span>
     <span class='ocr_line' id='line_1_17' title="bbox 20 2394 1007 2491; baseline 0.008 -22"><span class='ocrx_word' id='word_1_106' title='bbox 20 2394 104 2483; x_wconf 75' lang='lat' dir='ltr'>tum,</span> <span class='ocrx_word' id='word_1_107' title='bbox 132 2422 258 2467; x_wconf 81' lang='lat' dir='ltr'>uxorem</span> <span class='ocrx_word' id='word_1_108' title='bbox 288 2398 438 2482; x_wconf 81' lang='lat' dir='ltr'>duxerat,</span> <span class='ocrx_word' id='word_1_109' title='bbox 470 2401 568 2466; x_wconf 89' lang='lat' dir='ltr'>soceri</span> <span class='ocrx_word' id='word_1_110' title='bbox 595 2413 664 2491; x_wconf 78' lang='lat' dir='ltr'>post</span> <span class='ocrx_word' id='word_1_111' title='bbox 691 2416 824 2470; x_wconf 83' lang='lat' dir='ltr'>mortem</span> <span class='ocrx_word' id='word_1_112' title='bbox 844 2406 954 2474; x_wconf 86' lang='lat' dir='ltr'>titulus</span> <span class='ocrx_word' id='word_1_113' title='bbox 972 2414 1007 2477; x_wconf 77' lang='lat' dir='ltr'>es</span> 
     </span>
     <span class='ocr_line' id='line_1_18' title="bbox 20 2520 1003 2617; baseline 0.002 -26"><span class='ocrx_word' id='word_1_114' title='bbox 20 2526 103 2592; x_wconf 84' lang='lat' dir='ltr'>hona</span> <span class='ocrx_word' id='word_1_115' title='bbox 121 2522 376 2594; x_wconf 83' lang='lat' dir='ltr'>ciobsenerunt.</span> <span class='ocrx_word' id='word_1_116' title='bbox 415 2521 460 2586; x_wconf 84' lang='lat' dir='ltr'>Ex</span> <span class='ocrx_word' id='word_1_117' title='bbox 478 2542 516 2587; x_wconf 87' lang='lat' dir='ltr'>eo</span> <span class='ocrx_word' id='word_1_118' title='bbox 528 2520 665 2587; x_wconf 58' lang='lat' dir='ltr'>*oriunda</span> <span class='ocrx_word' id='word_1_119' title='bbox 685 2521 745 2590; x_wconf 88' lang='lat' dir='ltr'>fuit</span> <span class='ocrx_word' id='word_1_120' title='bbox 764 2524 1003 2617; x_wconf 82' lang='lat' dir='ltr'>familia‚.quuc</span> 
     </span>
     <span class='ocr_line' id='line_1_19' title="bbox 18 2639 1006 2738; baseline 0.004 -26"><span class='ocrx_word' id='word_1_121' title='bbox 18 2643 132 2712; x_wconf 90' lang='lat' dir='ltr'>deinde</span> <span class='ocrx_word' id='word_1_122' title='bbox 150 2645 183 2708; x_wconf 93' lang='lat' dir='ltr'>in</span> <span class='ocrx_word' id='word_1_123' title='bbox 201 2642 312 2732; x_wconf 72' lang='lat' dir='ltr'>lngus</span> <span class='ocrx_word' id='word_1_124' title='bbox 333 2639 483 2731; x_wconf 77' lang='lat' dir='ltr'>regnarit.</span> <span class='ocrx_word' id='word_1_125' title='bbox 535 2640 592 2704; x_wconf 83' lang='lat' dir='ltr'>Vir</span> <span class='ocrx_word' id='word_1_126' title='bbox 611 2664 683 2706; x_wconf 85' lang='lat' dir='ltr'>sane</span> <span class='ocrx_word' id='word_1_127' title='bbox 703 2665 832 2733; x_wconf 79' lang='lat' dir='ltr'>mugnus</span> <span class='ocrx_word' id='word_1_128' title='bbox 848 2659 932 2728; x_wconf 83' lang='lat' dir='ltr'>erat,</span> <span class='ocrx_word' id='word_1_129' title='bbox 947 2649 1006 2738; x_wconf 91' lang='lat' dir='ltr'>qni</span> 
     </span>
     <span class='ocr_line' id='line_1_20' title="bbox 19 2760 1003 2851; baseline 0.001 -16"><span class='ocrx_word' id='word_1_130' title='bbox 19 2765 205 2835; x_wconf 82' lang='lat' dir='ltr'>fortitudine</span> <span class='ocrx_word' id='word_1_131' title='bbox 222 2765 254 2829; x_wconf 93' lang='lat' dir='ltr'>in</span> <span class='ocrx_word' id='word_1_132' title='bbox 274 2763 356 2828; x_wconf 88' lang='lat' dir='ltr'>bello</span> <span class='ocrx_word' id='word_1_133' title='bbox 374 2762 470 2849; x_wconf 92' lang='lat' dir='ltr'>inque</span> <span class='ocrx_word' id='word_1_134' title='bbox 487 2760 580 2827; x_wconf 88' lang='lat' dir='ltr'>rebus</span> <span class='ocrx_word' id='word_1_135' title='bbox 598 2762 736 2851; x_wconf 88' lang='lat' dir='ltr'>politicis</span> <span class='ocrx_word' id='word_1_136' title='bbox 755 2767 878 2840; x_wconf 68' lang='lat' dir='ltr'>solertiis</span> <span class='ocrx_word' id='word_1_137' title='bbox 898 2769 1003 2836; x_wconf 84' lang='lat' dir='ltr'>incla-</span> 
     </span>
     <span class='ocr_line' id='line_1_21' title="bbox 20 2881 1002 2978; baseline 0.003 -25"><span class='ocrx_word' id='word_1_138' title='bbox 20 2893 102 2970; x_wconf 82' lang='lat' dir='ltr'>ruit3</span> <span class='ocrx_word' id='word_1_139' title='bbox 120 2887 212 2952; x_wconf 89' lang='lat' dir='ltr'>nimis</span> <span class='ocrx_word' id='word_1_140' title='bbox 233 2898 337 2951; x_wconf 83' lang='lat' dir='ltr'>tumen</span> <span class='ocrx_word' id='word_1_141' title='bbox 357 2881 415 2966; x_wconf 72' lang='lat' dir='ltr'>fuil</span> <span class='ocrx_word' id='word_1_142' title='bbox 436 2881 637 2964; x_wconf 77' lang='lat' dir='ltr'>ambitiosus,</span> <span class='ocrx_word' id='word_1_143' title='bbox 653 2897 702 2964; x_wconf 83' lang='lat' dir='ltr'>et,</span> <span class='ocrx_word' id='word_1_144' title='bbox 723 2909 820 2975; x_wconf 90' lang='lat' dir='ltr'>quum</span> <span class='ocrx_word' id='word_1_145' title='bbox 837 2891 945 2978; x_wconf 70' lang='lat' dir='ltr'>magui</span> <span class='ocrx_word' id='word_1_146' title='bbox 967 2891 1002 2956; x_wconf 93' lang='lat' dir='ltr'>in</span> 
     </span>
     <span class='ocr_line' id='line_1_22' title="bbox 18 3002 1000 3101; baseline 0.002 -25"><span class='ocrx_word' id='word_1_147' title='bbox 18 3031 146 3101; x_wconf 79' lang='lat' dir='ltr'>regnum</span> <span class='ocrx_word' id='word_1_148' title='bbox 171 3004 354 3072; x_wconf 76' lang='lat' dir='ltr'>auctoritate</span> <span class='ocrx_word' id='word_1_149' title='bbox 378 3002 520 3084; x_wconf 64' lang='lat' dir='ltr'>caleret,</span> <span class='ocrx_word' id='word_1_150' title='bbox 544 3003 677 3093; x_wconf 93' lang='lat' dir='ltr'>suspicio</span> <span class='ocrx_word' id='word_1_151' title='bbox 697 3004 736 3070; x_wconf 87' lang='lat' dir='ltr'>de</span> <span class='ocrx_word' id='word_1_152' title='bbox 758 3028 794 3073; x_wconf 83' lang='lat' dir='ltr'>co</span> <span class='ocrx_word' id='word_1_153' title='bbox 814 3009 897 3074; x_wconf 84' lang='lat' dir='ltr'>eirca</span> <span class='ocrx_word' id='word_1_154' title='bbox 918 3010 1000 3077; x_wconf 84' lang='lat' dir='ltr'>illud</span> 
     </span>
     <span class='ocr_line' id='line_1_23' title="bbox 18 3120 1001 3220; baseline 0 -23"><span class='ocrx_word' id='word_1_155' title='bbox 18 3145 140 3220; x_wconf 82' lang='lat' dir='ltr'>tempus</span> <span class='ocrx_word' id='word_1_156' title='bbox 163 3123 308 3194; x_wconf 90' lang='lat' dir='ltr'>incidisse</span> <span class='ocrx_word' id='word_1_157' title='bbox 327 3120 471 3204; x_wconf 85' lang='lat' dir='ltr'>videtur,</span> <span class='ocrx_word' id='word_1_158' title='bbox 494 3145 624 3212; x_wconf 75' lang='lat' dir='ltr'>regnum</span> <span class='ocrx_word' id='word_1_159' title='bbox 646 3147 718 3191; x_wconf 89' lang='lat' dir='ltr'>eum</span> <span class='ocrx_word' id='word_1_160' title='bbox 737 3126 891 3199; x_wconf 79' lang='lat' dir='ltr'>affectare.</span> <span class='ocrx_word' id='word_1_161' title='bbox 938 3132 1001 3197; x_wconf 93' lang='lat' dir='ltr'>ln-</span> 
     </span>
    </p>
   </div>
   <div class='ocr_carea' id='block_1_4' title="bbox 40 3304 381 3330">
    <p class='ocr_par' dir='ltr' id='par_1_4' title="bbox 40 3304 381 3330">
     <span class='ocr_line' id='line_1_24' title="bbox 40 3304 381 3330; baseline 0 -17"><span class='ocrx_word' id='word_1_162' title='bbox 40 3304 381 3330; x_wconf 38' lang='lat' dir='ltr'>„pe-...-</span> 
     </span>
    </p>
   </div>
   <div class='ocr_carea' id='block_1_5' title="bbox 16 3403 1080 3894">
    <p class='ocr_par' dir='ltr' id='par_1_5' title="bbox 50 3403 1007 3473">
     <span class='ocr_line' id='line_1_25' title="bbox 50 3403 1007 3473; baseline 0.005 -11"><span class='ocrx_word' id='word_1_163' title='bbox 50 3418 60 3454; x_wconf 84' lang='lat'><strong>¹</strong></span> <span class='ocrx_word' id='word_1_164' title='bbox 85 3411 226 3465; x_wconf 84' lang='lat' dir='ltr'>Wioliffum</span> <span class='ocrx_word' id='word_1_165' title='bbox 237 3407 331 3473; x_wconf 80' lang='lat' dir='ltr'>scripta</span> <span class='ocrx_word' id='word_1_166' title='bbox 348 3403 472 3458; x_wconf 81' lang='lat' dir='ltr'>nonnulla</span> <span class='ocrx_word' id='word_1_167' title='bbox 492 3409 621 3459; x_wconf 79' lang='lat' dir='ltr'>dedicasse</span> <span class='ocrx_word' id='word_1_168' title='bbox 640 3407 752 3459; x_wconf 86' lang='lat' dir='ltr'>Johunni</span> <span class='ocrx_word' id='word_1_169' title='bbox 767 3411 926 3462; x_wconf 63' lang='lat' dir='ltr'>(landavensi</span> <span class='ocrx_word' id='word_1_170' title='bbox 936 3429 1007 3467; x_wconf 80' lang='lat' dir='ltr'>nuno</span> 
     </span>
    </p>

    <p class='ocr_par' dir='ltr' id='par_1_6' title="bbox 85 3493 1006 3560">
     <span class='ocr_line' id='line_1_26' title="bbox 85 3493 1006 3560; baseline 0.012 -21"><span class='ocrx_word' id='word_1_171' title='bbox 85 3497 169 3552; x_wconf 84' lang='lat'>1368,</span> <span class='ocrx_word' id='word_1_172' title='bbox 190 3493 338 3542; x_wconf 81' lang='lat' dir='ltr'>memorarit</span> <span class='ocrx_word' id='word_1_173' title='bbox 356 3494 490 3552; x_wconf 73' lang='lat' dir='ltr'>lenicius,</span> <span class='ocrx_word' id='word_1_174' title='bbox 511 3512 537 3560; x_wconf 92' lang='lat' dir='ltr'>p.</span> <span class='ocrx_word' id='word_1_175' title='bbox 561 3494 609 3558; x_wconf 77' lang='lat'>183</span> <span class='ocrx_word' id='word_1_176' title='bbox 630 3511 705 3558; x_wconf 85' lang='lat' dir='ltr'>quem</span> <span class='ocrx_word' id='word_1_177' title='bbox 719 3511 797 3555; x_wconf 86' lang='lat' dir='ltr'>vero,</span> <span class='ocrx_word' id='word_1_178' title='bbox 816 3497 867 3546; x_wconf 91' lang='lat' dir='ltr'>hoc</span> <span class='ocrx_word' id='word_1_179' title='bbox 884 3501 1006 3550; x_wconf 74' lang='lat' dir='ltr'>statuen-</span> 
     </span>
    </p>

    <p class='ocr_par' dir='ltr' id='par_1_7' title="bbox 82 3577 1008 3726">
     <span class='ocr_line' id='line_1_27' title="bbox 83 3577 1008 3647; baseline 0.004 -17"><span class='ocrx_word' id='word_1_180' title='bbox 83 3587 150 3640; x_wconf 82' lang='lat' dir='ltr'>tem,</span> <span class='ocrx_word' id='word_1_181' title='bbox 178 3577 310 3628; x_wconf 82' lang='lat' dir='ltr'>inductum</span> <span class='ocrx_word' id='word_1_182' title='bbox 337 3580 415 3629; x_wconf 84' lang='lat' dir='ltr'>fuisse</span> <span class='ocrx_word' id='word_1_183' title='bbox 432 3580 459 3627; x_wconf 88' lang='lat' dir='ltr'>in</span> <span class='ocrx_word' id='word_1_184' title='bbox 479 3593 609 3640; x_wconf 85' lang='lat' dir='ltr'>errorem,</span> <span class='ocrx_word' id='word_1_185' title='bbox 637 3579 705 3627; x_wconf 82' lang='lat' dir='ltr'>olore</span> <span class='ocrx_word' id='word_1_186' title='bbox 724 3580 825 3643; x_wconf 77' lang='lat' dir='ltr'>operuit</span> <span class='ocrx_word' id='word_1_187' title='bbox 841 3582 1008 3647; x_wconf 74' lang='lat' dir='ltr'>Vuughnnuo.</span> 
     </span>
     <span class='ocr_line' id='line_1_28' title="bbox 82 3662 356 3726; baseline 0.004 -13"><span class='ocrx_word' id='word_1_188' title='bbox 82 3664 141 3713; x_wconf 76' lang='lat' dir='ltr'>Vol.</span> <span class='ocrx_word' id='word_1_189' title='bbox 161 3663 182 3712; x_wconf 87' lang='lat'>1.</span> <span class='ocrx_word' id='word_1_190' title='bbox 203 3679 229 3726; x_wconf 92' lang='lat' dir='ltr'>p.</span> <span class='ocrx_word' id='word_1_191' title='bbox 248 3662 356 3726; x_wconf 75' lang='lat' dir='ltr'>304³sq.</span> 
     </span>
    </p>

    <p class='ocr_par' dir='ltr' id='par_1_8' title="bbox 16 3742 1008 3812">
     <span class='ocr_line' id='line_1_29' title="bbox 16 3742 1008 3812; baseline 0 -16"><span class='ocrx_word' id='word_1_192' title='bbox 16 3758 19 3762; x_wconf 70' lang='grc'><strong>“</strong></span> <span class='ocrx_word' id='word_1_193' title='bbox 49 3751 61 3785; x_wconf 81' lang='lat'>2</span> <span class='ocrx_word' id='word_1_194' title='bbox 87 3749 165 3796; x_wconf 81' lang='lat' dir='ltr'>Notus</span> <span class='ocrx_word' id='word_1_195' title='bbox 196 3751 235 3796; x_wconf 79' lang='lat' dir='ltr'>est</span> <span class='ocrx_word' id='word_1_196' title='bbox 261 3742 932 3812; x_wconf 66' lang='lat' dir='ltr'>nuno1340chduvi,ubireginnAnglinetuno</span> <span class='ocrx_word' id='word_1_197' title='bbox 948 3769 1008 3804; x_wconf 86' lang='lat' dir='ltr'>mo.</span> 
     </span>
    </p>

    <p class='ocr_par' dir='ltr' id='par_1_9' title="bbox 82 3827 1080 3894">
     <span class='ocr_line' id='line_1_30' title="bbox 82 3827 1080 3894; baseline 0.013 -16"><span class='ocrx_word' id='word_1_198' title='bbox 82 3829 202 3892; x_wconf 77' lang='lat' dir='ltr'>rabulus·</span> <span class='ocrx_word' id='word_1_199' title='bbox 220 3831 281 3880; x_wconf 87' lang='lat' dir='ltr'>hinc</span> <span class='ocrx_word' id='word_1_200' title='bbox 298 3845 440 3894; x_wconf 77' lang='lat' dir='ltr'>cognomen</span> <span class='ocrx_word' id='word_1_201' title='bbox 457 3829 566 3892; x_wconf 74' lang='lat' dir='ltr'>accepis.</span> <span class='ocrx_word' id='word_1_202' title='bbox 595 3827 1004 3894; x_wconf 77' lang='lat' dir='ltr'>lliesejusnalulisinciditbrori</span> <span class='ocrx_word' id='word_1_203' title='bbox 1066 3846 1080 3850; x_wconf 81' lang='grc'>”</span> 
     </span>
    </p>
   </div>
   <div class='ocr_carea' id='block_1_6' title="bbox 81 3913 1005 4062">
    <p class='ocr_par' dir='ltr' id='par_1_10' title="bbox 81 3913 1005 4062">
     <span class='ocr_line' id='line_1_31' title="bbox 81 3913 1005 3989; baseline -0.005 -22"><span class='ocrx_word' id='word_1_204' title='bbox 81 3919 139 3984; x_wconf 79' lang='lat' dir='ltr'>post</span> <span class='ocrx_word' id='word_1_205' title='bbox 153 3918 246 3966; x_wconf 84' lang='lat' dir='ltr'>olorum</span> <span class='ocrx_word' id='word_1_206' title='bbox 272 3917 342 3964; x_wconf 80' lang='lat' dir='ltr'>illum</span> <span class='ocrx_word' id='word_1_207' title='bbox 365 3913 520 3976; x_wconf 80' lang='lat' dir='ltr'>victorium,</span> <span class='ocrx_word' id='word_1_208' title='bbox 537 3927 613 3974; x_wconf 82' lang='lat' dir='ltr'>quam</span> <span class='ocrx_word' id='word_1_209' title='bbox 628 3913 704 3980; x_wconf 77' lang='lat' dir='ltr'>Angli</span> <span class='ocrx_word' id='word_1_210' title='bbox 721 3919 807 3986; x_wconf 66' lang='lat' dir='ltr'>pugna</span> <span class='ocrx_word' id='word_1_211' title='bbox 825 3919 908 3970; x_wconf 77' lang='lat' dir='ltr'>navali</span> <span class='ocrx_word' id='word_1_212' title='bbox 922 3935 1005 3989; x_wconf 64' lang='lat' dir='ltr'>prop„</span> 
     </span>
     <span class='ocr_line' id='line_1_32' title="bbox 83 3995 652 4062; baseline -0.005 -12"><span class='ocrx_word' id='word_1_213' title='bbox 83 4003 175 4051; x_wconf 77' lang='lat' dir='ltr'>liltore</span> <span class='ocrx_word' id='word_1_214' title='bbox 186 3999 317 4059; x_wconf 81' lang='lat' dir='ltr'>Flnndrinc</span> <span class='ocrx_word' id='word_1_215' title='bbox 331 3998 363 4047; x_wconf 88' lang='lat' dir='ltr'>ds</span> <span class='ocrx_word' id='word_1_216' title='bbox 383 3995 462 4046; x_wconf 85' lang='lat' dir='ltr'>Gollis</span> <span class='ocrx_word' id='word_1_217' title='bbox 480 3999 652 4062; x_wconf 74' lang='lat' dir='ltr'>reportarunt.</span> 
     </span>
    </p>
   </div>
   <div class='ocr_carea' id='block_1_7' title="bbox 0 0 1298 4718">
    <p class='ocr_par' dir='ltr' id='par_1_11' title="bbox 0 0 1298 4718">
     <span class='ocr_line' id='line_1_33' title="bbox 0 0 1298 4718; baseline 0 1"><span class='ocrx_word' id='word_1_218' title='bbox 0 0 1298 4718; x_wconf 95' lang='lat' dir='ltr'> </span> 
     </span>
    </p>
   </div>
  </div>
 </body>
</html>
