2586 4718
1112 335 1144 382 xi

731 443 741 473 i

215 540 273 608 Ad
299 539 521 629 theologorum
548 557 650 624 porro
677 533 735 597 nbi
757 555 961 598 accesseram
991 536 1121 601 scholas
1134 526 1161 617 ,⁴

169 662 204 718 ut
231 653 280 719 ad
298 652 481 741 theologiae
508 647 672 726 studium,
695 650 751 711 cui
763 649 974 738 potissimum
1000 657 1032 712 et
1058 653 1146 715 vires

169 774 200 830 et
227 775 352 857 tempus
380 764 531 854 deinceps
563 760 751 851 impendere
779 760 863 824 mihi
880 783 1145 853 proposueram,

164 882 321 970 gnaviter
349 899 399 942 me
427 877 658 966 applicarem,
685 874 794 938 valuit
829 875 963 964 egregie
999 876 1146 940 m'roium

172 991 267 1060 Clar.
284 990 479 1081 stringas,
504 987 689 1054 Boumanni
697 1035 708 1067 ,
722 984 939 1073 Royaardsi‘i'
952 994 983 1050 et
1004 985 1145 1054 Grauis-

168 1103 298 1169 wondii
310 1104 488 1168 institutio.
513 1100 573 1165 lla
587 1100 639 1169 Gl.
651 1099 838 1164 Boumauni
850 1099 1036 1189 discipliiui
1043 1125 1146 1190 quan-

167 1225 234 1280 tam
251 1215 419 1306 prificere
443 1216 559 1293 liceat,
583 1220 851 1291 omnes-norunt,
876 1217 936 1301 qui
962 1217 1034 1277 uiri
1049 1216 1147 1291 illius

158 1331 418 1418 frequentarunt
447 1328 590 1395 scholas.
638 1325 817 1417 Heringae
845 1335 953 1392 antcin
965 1375 974 1405 ,
1006 1346 1147 1395 venera-

167 1443 230 1507 bili
244 1445 334 1522 seui,
352 1445 409 1508 cui
417 1493 426 1523 ,
449 1463 545 1530 quum
566 1439 604 1505 V
603 1439 734 1518 inhias,
752 1439 920 1529 theologus
943 1440 1147 1507 laudatissi-

165 1579 249 1637 mus,
258 1559 458 1647 provinciae
476 1555 547 1642 ejus
557 1561 695 1646 partem
712 1576 796 1618 nunc
813 1558 1011 1643 anaspum,
1030 1565 1067 1620 nt
1082 1562 1149 1624 otio

166 1693 237 1735 cum
255 1670 440 1762 dignitate,
459 1669 548 1759 quod
564 1670 630 1734 sihi
649 1669 753 1734 solnm
773 1671 949 1758 eapets'm't,
962 1668 1149 1738 diutissime

157 1785 240 1870 frui
260 1788 448 1874 contingat,
470 1792 680 1873 exoptamus,
703 1804 859 1869 mopiam
879 1783 980 1849 haheo
993 1789 1148 1876 gratiam

163 1919 230 1986 pro
257 1902 382 1964 eximiii
405 1900 613 1962 institutione
632 1907 663 1963 et
682 1898 917 1963 benevolentiae
936 1902 1150 1965 testimoniis:

166 2034 249 2100 quae
268 2011 399 2101 quidem
418 2012 635 2076 berieiclentia
651 2013 815 2097 apparuit
833 2031 971 2088 rursus,
990 2033 1088 2098 quum
1106 2034 1148 2078 ea
1176 2041 1181 2049 ⁵

164 2124 355 2210 amplissimi
371 2123 533 2184 librorum
551 2119 740 2193 collectione
756 2121 932 2187 nonnullos
951 2123 1051 2206 mihi,
1072 2129 1147 2216 qni-

166 2235 223 2296 bus
243 2234 278 2295 in
304 2232 423 2295 nostrai
444 2229 681 2296 conscribendi
705 2231 941 2323 disquisitione
958 2247 1033 2302 erat
1051 2247 1146 2305 uten-

157 2327 240 2408 dum
252 2391 263 2424 ,
287 2344 474 2409 humaniter
501 2343 739 2434 sinopedi'tam't.
788 2343 859 2410 Sed
884 2347 947 2411 hac
967 2353 1004 2411 in
1023 2372 1060 2412 re
1079 2354 1146 2415 im·

156 2459 283 2546 primis
307 2457 359 2525 Cl.
381 2457 595 2545 Iloyaardsi'i
610 2478 768 2522 summam
788 2479 871 2547 erga
891 2481 941 2524 me
959 2461 1146 2532 humanita-

163 2579 224 2634 tem
247 2571 394 2650 obtinui,
420 2575 479 2659 qni
496 2592 559 2635 non
579 2577 705 2634 tantum
727 2569 939 2637 Promotoris
949 2584 1072 2663 partes
1092 2580 1143 2643 he-

162 2684 270 2747 neuole
288 2687 453 2774 suscepit,
472 2706 583 2748 ocriim
604 2685 757 2749 consiliis
776 2689 972 2776 monitisque
991 2692 1041 2753 ita
1060 2692 1145 2758 mihi

160 2796 293 2885 adfuit,
326 2805 379 2877 ut,
403 2800 570 2887 quotiesc
594 2798 814 2889 grauioribus
836 2804 978 2891 negotiis
1006 2819 1085 2867 eum¹
1103 2831 1144 2872 a.

159 2933 331 2990 vocarem,
356 2933 520 3000 uunquam
548 2934 620 2975 mea
639 2912 753 2978 studia
772 2913 898 3001 jurare
926 2923 1141 2989 recusaverit.

162 3023 369 3103 Praeterea,
393 3047 463 3089 cnm
494 3024 687 3090 lautissima
707 3028 815 3115 ipsius
838 3027 1032 3096 bibliotheca
1060 3032 1147 3097 mihi
1188 3114 1190 3121 y

158 3141 273 3226 potnit
284 3186 294 3217 ,
318 3147 383 3202 tum
404 3138 562 3202 librorum
583 3138 735 3203 subsidia
754 3140 889 3205 aliunde
915 3142 965 3208 ud
990 3166 1040 3209 me
1058 3168 1142 3234 pcr-
1226 3176 1229 3181 ·

82 3260 86 3267 '
160 3249 320 3314 sarienda
348 3254 487 3319 miravit.
536 3248 605 3313 Nec
629 3271 707 3314 cero
724 3253 834 3314 minus
856 3255 926 3317 uiri
953 3258 1141 3341 institutio,

162 3386 259 3451 quam
279 3364 490 3442 humanitas,
510 3362 596 3425 mihi
605 3364 757 3451 profuit.
787 3361 967 3430 Historiae
976 3371 1062 3434 eriim
1073 3379 1142 3436 stu·

164 3476 254 3540 dium
263 3526 273 3557 ‚
294 3477 383 3565 quod
398 3475 568 3540 Hensdius
588 3478 625 3538 in
637 3479 916 3558 meeacitaierat,
928 3479 1143 3568 Royaardsii

156 3591 402 3674 praelectiones
420 3597 451 3653 et
469 3591 598 3677 scripta
614 3609 813 3677 magnopere
830 3601 1007 3662 auxerunt.
1038 3595 1141 3662 Ean·

161 3698 232 3764 dem
250 3704 380 3767 scilicet
388 3703 469 3790 fere
487 3703 648 3765 rationem
669 3709 700 3765 et
718 3704 828 3779 uiam,
853 3708 919 3790 qni
940 3706 1036 3769 illum
1051 3732 1138 3798 gen·

160 3816 241 3904 tium
271 3814 446 3880 historiam
463 3823 730 3904 pertractantem
749 3815 941 3882 audiueram
953 3865 962 3898 ,
987 3820 1071 3886 hunc
1088 3847 1139 3888 se·

113 3986 115 3991 ,
162 3934 306 4016 quentem
327 3928 473 3993 ridebam
494 3933 529 3993 in
553 3928 765 4020 inplorandii
786 3930 1141 4016 historidllcclesias·

110 4022 113 4027 ⁵
161 4042 240 4111 licii.
300 4040 406 4106 Grato
437 4065 563 4133 semper
592 4046 701 4121 animo
727 4043 926 4110 recordabor
954 4048 1139 4138 insignem„
