2586 4718
496 251 558 313 110

30 465 129 555 egerit
157 461 337 541 Wicliffus,
365 483 428 527 non
455 462 574 552 liquet:
606 461 659 528 sed
686 485 744 553 pro
764 483 870 529 amore
888 463 923 530 in
942 466 1015 534 viro

27 585 183 652 libertatis
206 597 239 649 et
257 581 398 672 justitiae
423 583 591 671 singulari,
618 596 712 672 atque
740 608 798 675 pro
828 583 918 666 odio,
941 610 1010 678 quo

25 702 243 773 Hierarchiam
281 705 454 770 Romanam
488 727 560 770 eum
588 705 708 786 odisse,
738 708 916 798 perspicere
939 711 1016 798 jam

26 829 208 918 coepimus,
236 823 404 892 admodum
434 825 600 893 verisimile
628 839 692 908 ost,
713 840 837 895 suanae
856 850 933 894 aum·
947 828 1016 895 de-

26 950 160 1018 fendisse
185 971 338 1031 oausam,
361 970 455 1038 quam
480 969 574 1014 curae
602 949 698 1039 ipsius
716 962 749 1017 et
767 949 844 1016 fidei
864 972 917 1016 rex
936 949 1015 1019 dn·

25 1072 105 1162 gline
124 1069 407 1140 commendaverat.

69 1313 186 1401 Quodsi
208 1311 254 1380 ita
279 1333 312 1379 se
330 1334 377 1379 res
395 1306 511 1392 babet,
531 1324 567 1378 nt
584 1313 761 1403 peregrinas
779 1311 866 1379 adire
885 1324 1014 1395 terras,

24 1435 155 1502 aliarum
184 1435 324 1524 gentium
349 1456 533 1523 cognoscere
557 1436 664 1522 leges,
692 1456 793 1502 mores
817 1445 849 1500 et
872 1434 1015 1523 reliquas

23 1580 92 1641 ros,
121 1579 183 1623 non
211 1556 310 1633 solnm
339 1554 378 1620 ad
401 1555 622 1622 delectandum
639 1558 738 1624 valeat
750 1605 761 1636 ,
782 1578 888 1622 verum
909 1555 1013 1622 etiam

24 1677 65 1743 ad
84 1689 223 1744 mentem
242 1674 378 1743 nostram
398 1675 613 1766 explicandam
631 1689 664 1744 et
683 1676 906 1757 excolendam,
923 1704 1011 1748 oon—

24 1798 104 1865 ditio
132 1790 356 1890 profecto‘illo
384 1809 525 1887 tempore
555 1799 750 1887 Brugarnm,
778 1799 834 1865 ubi
856 1822 909 1891 per
929 1801 1011 1871 duos

20 1919 146 1987 circiter
161 1910 262 1986 ‘anuos
280 1931 415 1986 versatus
434 1919 527 1985 fnisse
545 1919 704 1986 Wicliffus
725 1918 841 1986 dicitur
851 1969 862 2000 ,
886 1922 951 1988 aim
970 1925 1008 1989 in

20 2054 98 2108 eum¹
113 2041 186 2107 satis
204 2063 347 2130 magnam
366 2062 503 2106 exserere
524 2042 638 2130 potuit.
673 2040 759 2107 Haec
778 2041 895 2110 scilicet
912 2044 1008 2111 lllan-

21 2161 109 2228 driae
127 2161 252 2242 ciritae,
271 2161 429 2250 pertinens
449 2160 488 2225 ad
509 2160 635 2238 foedus,
656 2161 741 2250 quod
761 2161 895 2243 dicitur,
916 2165 1004 2231 llan-

21 2283 190 2363 senticum,
202 2280 262 2352 boc
272 2304 346 2349 aevo
357 2283 449 2350 statio
459 2296 543 2363 erat,
554 2283 617 2348 sive
633 2304 799 2349 commune
809 2284 1003 2374 emporium,
1104 2362 1110 2373 ι

20 2418 236 2485 mercaturae,
256 2396 365 2495 'quam
399 2404 534 2494 agebant
561 2416 669 2494 gentes
696 2405 900 2472 Germanicae
931 2428 1005 2474 cum

19 2525 143 2619 populis
173 2523 468 2594 meridionalibus1.
517 2524 600 2590 Hine
629 2523 763 2592 civitatis
787 2524 901 2614 hujus,
922 2549 1003 2616 quae

18 2647 170 2715 libertatis
189 2642 292 2711 studio
310 2646 489 2738 civiumque
508 2645 658 2711 industria
675 2643 844 2712 admodum
860 2648 1003 2738 rigebat,

18 2766 188 2861 repetenda
216 2765 398 2849 celebritas,
424 2765 603 2857 opulentia,
629 2763 787 2852 splendor.
836 2765 1003 2835 Commer-

18 2890 104 2958 cium
133 2889 358 2978 brugensium,
379 2902 409 2954 et
426 2889 567 2953 universe
585 2883 812 2966 Flandrorum,
832 2887 916 2955 hand
933 2890 1002 2956 lese

18 3026 93 3081 tuno
122 3033 246 3103 qaoque
274 3023 340 3077 erat
361 3031 433 3076 cum
455 3005 567 3095 Anglia
580 3014 607 3076 ².
653 3005 765 3096 Neque
785 3009 914 3077 minoris
931 3033 1000 3085 mo·

41 3197 369 3213 .--—-—--——--

46 3317 56 3352 ¹
80 3315 120 3363 cf.
147 3315 176 3366 F,
201 3313 229 3362 Ε.
254 3313 333 3374 berg,
353 3311 385 3358 ale
404 3307 512 3357 Naslerl.
534 3323 568 3355 ast
586 3308 631 3356 lset
648 3307 737 3357 Haase
752 3309 885 3370 verland,
905 3309 967 3362 edit.
988 3326 1004 3360 a
1057 3295 1059 3303 Α

81 3399 209 3448 socictate
230 3397 285 3444 Art.
304 3399 331 3442 et
350 3395 425 3442 Boot.
441 3394 518 3444 Prov,
535 3392 627 3457 Ultraj.
649 3395 725 3444 1833.
744 3411 769 3460 p.
781 3395 814 3447 73
823 3410 881 3458 sqq.
897 3395 1003 3447 etalibi.

47 3485 58 3521 ²
80 3482 157 3546 Angli
183 3485 269 3528 tamen
293 3476 342 3524 hoc
368 3480 499 3540 tempore,
520 3480 709 3542 comparatione
730 3495 788 3529 cum
803 3480 934 3540 Flandris,
955 3483 1005 3530 lla·

82 3568 163 3623 tatis,
184 3560 284 3629 populis
303 3560 400 3624 imperii
418 3562 562 3610 Germanici
581 3567 608 3611 et
634 3565 724 3612 ltaliae
741 3563 877 3624 institutd,
904 3582 1004 3616 merca·

82 3654 166 3700 turam
192 3657 295 3710 parvam
315 3645 414 3693 tanturn
433 3644 580 3707 faciebant,
601 3662 684 3709 neque
703 3647 794 3710 magud
813 3649 960 3700 eminebant
977 3649 1004 3699 in

82 3732 186 3797 agendis
205 3727 297 3787 rebus,
320 3729 351 3778 ad
362 3731 542 3780 commercium
560 3718 764 3795 pertinentibus,
782 3733 915 3785 industriis.
935 3728 1008 3797 Quod

78 3819 169 3870 mirum
187 3814 303 3865 tidetnr:
322 3830 378 3865 uam
397 3817 573 3884 opportunitas
590 3817 687 3866 insulae
697 3817 728 3867 ad
739 3825 904 3870 mercaturam
912 3823 1005 3886 sponte

79 3899 206 3954 invitabat
229 3900 342 3968 incolas3
361 3907 439 3966 atqua
458 3901 580 3968 populum
594 3901 696 3952 huncce
711 3906 803 3955 nature
820 3904 1003 3971 propemodum

78 3988 233 4039 destinatum
259 4007 334 4064 asae!
359 3993 390 4039 ut
409 3990 587 4063 contemneret
603 3988 704 4048 undar,
721 3992 903 4045 remotissimas
920 3990 1003 4042 adiret
