2586 4718
622 313 685 377 223

154 533 313 602 Johannes
341 529 472 598 Bulaeus
501 549 626 619 quoque
655 526 737 608 luit,
767 546 859 616 quem
889 527 979 594 turba
997 527 1136 597 custodit

153 625 368 734 liberaverat,
392 648 519 718 tandem
549 648 583 713 in
611 670 708 714 unum
733 668 766 714 se
784 649 1013 738 conjungebant
1032 650 1136 717 locum

152 797 252 868 prope
281 771 472 842 Londinum.
520 767 647 837 Centies
663 768 749 834 mille
767 788 897 836 numero
915 769 1010 836 fnisse
1026 768 1137 837 dicun·

152 910 216 967 tur.
264 895 345 962 Hinc
371 892 436 982 regi
461 890 680 957 annuntiatum
701 889 875 971 miserunt,
898 909 930 956 se
948 889 1027 957 velle
1045 890 1135 957 inda·

152 1040 227 1109 gare
253 1015 341 1106 regni
370 1010 545 1105 proditores
570 1032 700 1100 suosque
721 1032 914 1100 oppressores
925 1060 935 1092 ,
953 1001 1160 1102 nullumque

157 1160 189 1208 se
218 1136 351 1230 amplios
378 1133 532 1199 tributum
558 1153 622 1198 esse
640 1129 785 1216 daturos,
807 1130 867 1197 nisi
886 1129 1027 1219 quintam
1047 1131 1139 1198 deci-

117 1327 118 1331 ,
156 1281 267 1340 mam,
295 1279 389 1347 quam
410 1255 505 1320 ctiam
526 1265 628 1343 patres
648 1253 787 1343 ipsorum
806 1251 1021 1320 tantummodo
1041 1255 1139 1322 solve·

66 1402 71 1416 ¹
159 1390 243 1450 rant.
278 1376 479 1444 Postulabant
494 1387 655 1465 praeterea
665 1419 676 1454 ,
701 1385 736 1440 ut
754 1375 1068 1456 manumitterentur,
1086 1389 1140 1459 et,

159 1522 247 1588 agros
276 1520 294 1563 a
325 1496 459 1564 dominis
488 1494 716 1575 conducentes,
743 1493 775 1558 in
805 1506 963 1585 posterum
992 1507 1141 1587 tanquam

158 1619 254 1687 villici
273 1617 486 1697 haberentur,
505 1628 603 1707 utque
623 1615 741 1681 fructus
759 1612 798 1679 ad
817 1614 884 1680 fora
903 1614 1050 1682 invehere
1069 1592 1141 1685 abs·

155 1763 217 1832 que
249 1739 394 1827 vectigali
427 1737 488 1805 sibi
520 1738 640 1805 liceret.
687 1735 856 1826 Postquam
884 1759 956 1826 pars
987 1736 1141 1827 quaedam

157 1859 374 1927 seditiosorum
386 1859 428 1930 ‚in
446 1857 558 1926 urbem
577 1857 728 1936 irruerat,
746 1856 863 1946 partim
883 1856 932 1936 vi,
952 1856 1065 1946 partim
1082 1878 1143 1948 ope
1173 1870 1190 1888 ·’

62 2001 67 2007 ’
157 1982 242 2070 vulgi
270 1978 498 2056 Londinensis,
527 1978 614 2063 (nam
634 1975 744 2042 cohors
768 1973 921 2065 quaedam
942 1972 1142 2058 Catilinaria,

160 2113 341 2190 magnatum
364 2096 483 2173 divitiis
500 2093 624 2160 inhians
631 2142 641 2175 ,
661 2115 693 2159 se
710 2091 1059 2182 adjunxeratrusticis),
1082 2119 1144 2188 pa.

160 2242 216 2287 vor
244 2218 385 2284 omnium
415 2214 579 2306 occupavit
597 2214 737 2294 animos,
756 2227 788 2282 et
807 2237 860 2282 rer
881 2237 913 2282 se
932 2215 1052 2306 recepit
1070 2239 1144 2285 cnm

158 2337 319 2404 nobilibus
350 2335 457 2403 multis
487 2336 520 2401 in
552 2334 638 2403 urbis
666 2336 838 2404 castellnm.
894 2335 1043 2405 Seditiosi
1071 2361 1144 2406 vero

72 2527 73 2530 ,
156 2459 240 2526 ferro
263 2457 391 2549 ignique
415 2457 487 2522 urbi
506 2455 754 2538 minitabantur,
776 2456 916 2538 nobiles,
942 2480 1143 2549 quoscunque

156 2599 269 2668 capere
298 2587 466 2667 poteraut,
494 2574 715 2660 trucidabant,
739 2576 914 2644 saeviebant
934 2576 1089 2668 imprimis
1106 2579 1140 2646 in

156 2721 231 2781 eos,
259 2698 316 2788 qui
342 2719 432 2787 agere
450 2719 555 2763 causas
569 2698 684 2787 jusque
703 2696 810 2764 dicere
826 2698 988 2780 solebant,
1008 2698 1139 2767 horrea·

156 2843 218 2911 que
247 2819 381 2886 divitum
407 2830 618 2885 mercatorum
645 2816 847 2910 diripiebant.
893 2820 968 2887 Jam
996 2843 1069 2889 vero
1087 2844 1142 2889 rex

155 2963 290 3031 egressus
316 2951 362 3007 est
392 2936 432 3004 ad
457 2939 716 3022 multitudinem,
742 2962 822 3031 qnae
840 2954 925 3008 extra
942 2942 1053 3009 urbem
1073 2957 1140 3011 erat

155 3075 361 3154 congregata,
382 3059 475 3151 eique
493 3060 634 3129 chartam
654 3060 737 3149 tradi
751 3062 861 3151 jussit,
882 3063 942 3152 quvi
957 3062 1141 3152 privilegia,

155 3206 335 3276 quanquam
359 3181 391 3247 vi
416 3181 476 3272 ipsi
495 3203 657 3273 expressa,
676 3182 800 3251 rusticis
819 3184 1049 3274 irrogabantur.
1096 3183 1140 3251 Hi

156 3318 231 3371 tunc
260 3306 444 3395 quieverunt
465 3316 496 3370 ct
515 3325 659 3394 magnam
679 3315 800 3394 partem
820 3302 947 3370 domum
965 3303 1140 3378 redierunt.
1174 3305 1180 3315 “
1206 3366 1209 3372 .

158 3423 222 3492 Sed
247 3427 367 3515 reliqua
387 3425 477 3522 turba
496 3401 600 3516 gladio
619 3422 786 3491 invadebat
807 3425 840 3488 in
859 3423 1140 3518 Archiepiscopum

157 3544 320 3613 Simonem
344 3544 558 3629 Sudburium,
592 3545 680 3636 regni
710 3558 784 3643 tunc
808 3532 957 3637 temporis
977 3544 1141 3616 (lancella-

156 3665 262 3746 rium,
293 3677 325 3730 et
351 3656 563 3736 crudelissime
590 3665 796 3735 obtruncabat
820 3667 1031 3736 venerabilem
1055 3667 1140 3735 hunc

156 3787 339 3856 antistitem.
387 3788 524 3854 Tandem
557 3762 639 3879 regis
666 3786 817 3854 Richardi
843 3790 1015 3879 praesentiri
1042 3788 1139 3855 enimi

94 3951 97 3962 ·
157 3923 188 3977 et
203 3907 336 4000 juvenili
356 3906 486 3975 audaciai
497 3958 507 3991 ,
526 3932 589 3978 uno
608 3910 773 3978 interemto
792 3908 986 4004 corgpbaeo,
1006 3908 1138 4003 istorum

157 4054 282 4123 quoque
316 4026 428 4099 seditio
462 4031 609 4103 exstincto
643 4044 689 4102 est
701 4056 711 4117 ;
746 4032 897 4124 brevique
926 4043 996 4123 post
1023 4029 1138 4122 reliqui
