2586 4718
625 335 666 398 45

163 562 193 616 et
231 549 357 614 Petrum
395 547 561 623 lloclesiae¹
592 539 731 610 animum
765 542 960 635 potissimum
988 540 1140 634 adjunge·

164 673 229 739 bat.
276 667 382 734 Hocce
405 665 508 733 studio
535 663 780 755 distinguebatur
813 654 925 730 eximie
953 664 993 730 ab
1021 687 1141 755 acqua-

125 880 128 885 ·
162 790 256 858 libus.
311 786 460 877 Theologi
489 786 572 852 enim
601 784 785 866 Scholastici
814 797 897 851 extra
927 783 1076 852 Codicem
1097 808 1145 852 sa·

165 933 253 978 crum
277 908 375 999 magis
391 910 453 1001 *sui
472 905 771 998 philosophabantur
796 907 934 987 ratione,
961 928 1054 996 quam
1070 904 1144 972 inde
1258 969 1260 973 .

164 1031 351 1098 hauriebant
371 1027 509 1094 divinam
528 1030 710 1099 veritatem:
734 1027 877 1118 dogmata
896 1027 1052 1117 religionis
1071 1025 1144 1093 dia·

164 1151 290 1218 lectices
308 1163 340 1216 et
359 1146 1031 1240 metaphysicesopeerponentes,rationem
1045 1171 1143 1239 quan·

167 1270 239 1338 dam
268 1284 429 1359 artemque
459 1268 633 1360 theologiae
660 1269 838 1341 tradebant.
902 1269 963 1355 Qui
991 1269 1144 1359 ejusmodi

169 1414 331 1472 summas,
353 1412 405 1456 seu
423 1394 619 1471 auctentico,
638 1412 719 1480 quac
739 1388 1147 1471 dicebantur,scribebant,

116 1491 121 1495 Ι
168 1510 242 1578 hinc
267 1509 492 1577 Sententiarr'i
514 1512 667 1578 nominati
692 1524 782 1579 suut:
810 1510 920 1601 quodsi
938 1533 1065 1576 manum
1085 1508 1146 1576 ad·

165 1644 324 1698 moverent
351 1629 391 1696 ad
418 1630 533 1720 scripta
561 1620 668 1713 sacra,
692 1630 848 1700 faciebant
868 1630 929 1713 id,
948 1643 983 1698 ut
1002 1631 1148 1699 intricata

167 1764 375 1844 proponerent
404 1751 619 1841 problemata,
655 1775 735 1842 quac
764 1753 906 1820 artificiis
934 1765 966 1819 et
992 1752 1148 1843 figmentis

167 1873 228 1939 suis
256 1872 420 1941 solverent.
467 1872 617 1964 Theologi
640 1896 713 1941 vero
734 1873 879 1954 Biblini,
901 1875 965 1940 sire
981 1872 1146 1953 Positim',

167 1992 222 2083 qui
240 1992 432 2088 audiebant,
458 1976 652 2082 erpouebant
671 1993 767 2058 libros
787 2016 888 2058 sacros
908 2005 940 2057 et
957 1993 1071 2080 scripta
1089 1992 1149 2057 Pa·

166 2127 250 2180 trum
285 2113 467 2189 Ecclesiae,
504 2123 599 2199 atque
633 2107 707 2175 hiuc
736 2108 925 2199 theologiam
954 2109 1148 2184 derivabant.

167 2232 231 2300 Sed
249 2244 336 2297 erant
354 2211 389 2295 hi
413 2230 503 2321 louge
521 2231 681 2321 pauciores
699 2252 850 2312 numero,
870 2232 1033 2321 multoque
1046 2233 1148 2301 minus

167 2350 333 2434 honorati,
350 2373 444 2440 quam
465 2351 687 2432 Sententiarii,
712 2351 797 2441 quod
819 2351 939 2418 'diserte
956 2363 1084 2419 testatus
1103 2367 1151 2421 est

167 2472 305 2561 Rogcrus
342 2473 448 2553 Baco,
486 2470 595 2538 doctor
629 2470 822 2542 Oroniensis.
875 2471 1147 2556 »Baecalaureus,

168 2593 231 2675 ait,
261 2593 316 2682 qui
342 2593 418 2682 legit
438 2603 555 2659 terrun
577 2589 871 2682 (complacuere),
889 2592 1066 2659 succumbit
1083 2594 1148 2660 lec·
1251 2618 1252 2623 ¹

166 2713 226 2779 tori
251 2714 491 2791 sententiarum,
523 2725 555 2779 et
581 2711 660 2802 [hic]
692 2712 809 2802 ubique
829 2713 861 2778 in
882 2714 1028 2781 omnibus
1046 2708 1146 2782 hono-

164 2845 249 2899 ratur
275 2844 308 2913 ct
336 2831 522 2923 praefertur.
580 2834 662 2901 Nam
687 2832 758 2914 ille,
789 2833 845 2922 qui
862 2833 937 2924 legit
958 2836 1145 2917 sententias,

161 2952 257 3020 babet
271 2953 478 3044 principalem
492 2952 601 3019 horam
624 2952 750 3043 legendi
774 2952 945 3020 secundum
974 2978 1060 3022 suam
1087 2979 1146 3024 ro-

164 3074 334 3155 luutatem,
349 3073 449 3139 habet
464 3085 495 3139 et
514 3073 633 3138 socium
648 3085 680 3140 et
698 3094 852 3139 cameram
869 3073 952 3164 apud
969 3076 1142 3165 religiosos:
1168 3147 1173 3163 ,

163 3193 216 3263 sed
243 3195 298 3286 qui
322 3195 397 3284 legit
422 3193 583 3274 Bibliam‚
607 3205 691 3259 caret
711 3192 783 3273 his,
801 3193 838 3258 'et
856 3190 1017 3260 mendicat
1038 3193 1146 3263 horam

165 3315 307 3407 legendi,
327 3313 496 3382 secundum
515 3311 598 3403 quod
608 3313 710 3402 placet
724 3313 834 3378 lectori
845 3314 1076 3385 sententiarum.
1103 3317 1146 3386 lu

166 3438 221 3527 qui
248 3437 324 3526 legit
354 3458 510 3517 summas,
544 3432 682 3525 disputat
706 3432 847 3524 ubique,
871 3446 902 3502 ct
920 3458 977 3526 pro
995 3437 1144 3528 magistro

165 3554 297 3625 habetur
309 3581 318 3640 ;
341 3553 504 3648 reliquus,
537 3555 591 3646 qui
614 3567 731 3622 textum
750 3556 847 3648 legit,
871 3579 934 3624 uon
954 3572 1054 3650 potest
1074 3560 1144 3628 dis·

165 3690 292 3770 putaret
318 3679 396 3747 sicut
415 3679 475 3745 fuit
493 3675 554 3744 hoc
572 3699 651 3743 anno
669 3677 850 3759 Bononiae,
869 3692 901 3746 et
919 3679 953 3744 in
962 3681 1067 3748 multis
1077 3680 1144 3748 aliis

166 3799 261 3868 locis:
282 3797 366 3888 quod
385 3813 431 3866 est
450 3797 630 3866 absurdum.
650 3798 848 3867 Manifestum
868 3813 913 3868 est
924 3801 1040 3891 igitur,
1059 3801 1143 3890 quod

166 3931 268 3985 textus
286 3915 368 3985 illius
387 3919 541 3988 facultatis
562 3919 787 4012 (theologicae)
808 3922 971 4012 subjicitur
987 3923 1041 3988 uni
1058 3946 1142 3990 sum·

165 4064 234 4108 mae
264 4039 444 4130 magistrali.
469 4079 514 4094 --
533 4041 641 4110 Omnis
672 4039 732 4109 alia
763 4042 904 4114 llacultas
935 4047 1031 4114 utitur
1056 4058 1141 4114 textu
1237 4029 1238 4034 ἵ
