2586 4718
637 343 675 403 at

167 564 297 630 cabatur
327 573 359 626 et
386 570 453 625 erat
480 577 588 647 reapse
607 553 838 636 Scholastica,
859 556 904 622 sic
923 579 1069 647 qnoque,
1090 582 1150 625 una

166 706 242 751 cum
260 679 486 750 monachornm
505 675 697 759 eruditione,
719 699 756 744 er
775 677 934 745 coenobiis
950 678 1076 746 risendi
1096 703 1152 746 ra·-
1235 716 1237 721 ,

165 806 216 895 tio
238 806 272 872 in
292 802 516 872 Universitates
535 801 727 891 aliquatenus
749 801 895 868 translata
914 813 959 868 est
977 810 1006 872 ¹.

215 1048 306 1116 Hanc
320 1044 559 1116 Universitatem
573 1044 686 1134 igitur,
702 1046 789 1135 cnjus
803 1044 937 1112 formam
951 1056 984 1111 et
997 1044 1152 1113 rationem

170 1170 225 1236 illo
249 1191 324 1236 aero
350 1165 580 1258 quodammodo
601 1165 779 1233 describere
802 1167 907 1235 conati
926 1189 1052 1248 sumus,
1073 1167 1152 1234 adiit

169 1289 350 1368 Wicliffus,
373 1287 481 1377 ibique
500 1301 643 1378 receptus
661 1301 707 1354 est
726 1289 759 1354 in
778 1285 970 1376 Collegium,
985 1285 1069 1376 quod
1084 1287 1152 1354 Jte-

165 1415 306 1503 ginense
322 1409 561 1492 nominabatur,
579 1407 819 1501 septemdecim,
841 1422 877 1475 ut
887 1408 1039 1490 diximus,
1054 1410 1153 1476 circi-

169 1546 218 1600 ter
236 1556 331 1600 annos
347 1545 461 1604 natus.
475 1531 622 1600 Occurrit
641 1536 724 1598 enim
742 1512 858 1600 nomen
878 1534 943 1621 ejus
959 1528 1153 1623 adscriptum

166 1675 296 1724 numero
305 1674 432 1726 eornm.
442 1654 498 1743 qui
506 1652 597 1743 hujus
609 1649 739 1744 Collegii
749 1653 875 1721 fuerunt
884 1654 981 1744 primi
993 1655 1113 1721 alumni
1123 1665 1151 1726 ².

170 1755 341 1842 Conditum
352 1791 457 1842 autem
466 1773 543 1841 illud
555 1788 600 1842 est
609 1797 690 1841 enno
704 1778 808 1855 1340,
819 1775 986 1843 aRoberto
996 1774 1036 1841 de
1045 1776 1155 1863 Egles'-

65 1925 67 1929 ¹
167 1893 260 1978 field,
277 1896 440 1987 Philippae
458 1896 546 1962 uxori
561 1895 641 1988 regis
655 1895 796 1961 Eduardi
806 1895 856 1962 ΙΙΙ
869 1919 888 1960 a
899 1897 995 1962 sacris
1005 1894 1154 1962 domesti-

168 2016 231 2098 cis,
241 2017 273 2082 in
284 2039 374 2082 usum
383 2017 582 2107 popularium
592 2038 627 2079 ex
636 2014 798 2092 (lumbrici,
810 2011 895 2077 nude
907 2013 1056 2080 oriundus
1066 2028 1150 2098 erat3

116 2171 117 2174 ¹
167 2135 285 2202 licebat
302 2147 408 2201 tamen
428 2154 463 2196 er
479 2133 548 2198 aliis
563 2131 656 2196 etiam
668 2131 847 2222 regionibus
857 2134 1020 2201 nonnullos
1032 2134 1152 2203 adoles—

91 2238 96 2252 *
168 2267 274 2321 centes
288 2251 579 2320 inhocsodolitium
591 2253 743 2343 excipere.
768 2253 914 2321 Decrevit
924 2255 1081 2329 Robertus
1089 2255 1153 2322 ad·

168 2375 296 2442 sciscere
306 2374 521 2465 Praepositum
540 2397 610 2440 cnm
631 2373 798 2441 duodecim
816 2374 925 2455 sociis,
936 2398 973 2441 ac
982 2388 1151 2443 sustentare

168 2494 537 2587 septuagintascholares
556 2496 707 2561 tenuioris
725 2496 884 2564 fortunae:
908 2509 940 2563 et
959 2497 1032 2585 quia
1047 2497 1151 2587 ipsum

165 2615 329 2683 adhortata
355 2628 401 2682 est
422 2615 550 2703 regina,
576 2627 611 2680 ut
631 2636 707 2704 opus
725 2628 791 2681 tam
811 2616 888 2682 utile
907 2616 1149 2707 aggrederetur,

166 2738 280 2828 suique
301 2735 513 2802 munificentiis
531 2736 561 2802 ei
578 2749 702 2827 praesto
721 2737 782 2804 fuit
792 2782 804 2818 ,
827 2751 994 2829 propterea
1013 2740 1046 2805 in
1061 2741 1150 2830 regi-

194 2994 203 3030 ¹
232 2990 360 3057 Capitulis
388 2992 587 3042 caesareorum
610 2992 796 3058 regularium,
825 3007 891 3055 quas
910 2993 937 3042 in
955 2993 1070 3045 lloclesid
1082 2997 1154 3062 prins

230 3079 285 3142 jam
314 3078 493 3139 invaluerant,
520 3082 547 3127 et
571 3078 665 3126 domus
695 3077 825 3126 Fratrum
852 3077 1012 3126 clsrs'eorum
1037 3080 1070 3130 de
1096 3080 1155 3130 os’td

233 3161 388 3221 communi,
413 3161 464 3210 hoc
481 3161 537 3226 ipso
555 3161 658 3209 saeculo
676 3159 735 3210 xlv
754 3160 874 3210 conditae
890 3162 918 3210 in
936 3161 1023 3225 Belgio
1046 3166 1152 3227 septen-

232 3244 353 3305 trionali,
373 3244 565 3294 similitudinem
583 3243 710 3306 quandam
728 3243 858 3292 habebant
878 3260 937 3293 cum
955 3244 1079 3294 sodalitiis
1096 3247 1153 3297 istis

231 3330 259 3378 in
282 3329 505 3379 universitatibus.
543 3329 706 3378 Consormata
724 3343 828 3391 quoquc
847 3327 892 3377 illa
912 3333 985 3377 erant
1002 3329 1034 3377 ad
1053 3347 1152 3384 coeno-

231 3414 333 3464 biorum
352 3415 504 3481 exemplum.
523 3439 558 3452 -
574 3415 643 3462 llaec
661 3416 746 3462 autem
761 3412 961 3463 universitatum
975 3414 1055 3464 forma
1070 3418 1152 3469 colle·

233 3499 305 3562 giulio
320 3500 346 3549 in
362 3500 490 3566 plerisque
504 3501 618 3564 Europae
632 3496 775 3547 Academiis
789 3513 859 3546 nuno
875 3495 969 3547 abolito
985 3502 1040 3550 ests
1059 3503 1152 3552 mansit

233 3585 317 3632 tamen
332 3583 461 3649 hodieque
476 3585 502 3633 in
519 3584 628 3648 Anglia,
648 3584 825 3644 eunomii,
838 3583 1096 3651 tumGantnbrigiae‚
1109 3591 1151 3638 at·

230 3680 281 3728 que
299 3666 326 3714 irr
345 3667 482 3718 Academia
499 3667 653 3732 Tubingsnsi
671 3667 817 3717 etiamnunc
835 3669 976 3732 Collegium
993 3671 1147 3736 quodpiam,

232 3749 285 3799 sive
310 3751 476 3803 Seminarium
492 3752 554 3803 hnic
566 3752 648 3802 simile
668 3752 807 3806 invenitur.
827 3778 859 3790 -
878 3754 994 3804 Rationis
1009 3756 1110 3805 vivendi
1121 3762 1148 3807 et

232 3834 500 3886 institutionisnostro
509 3835 894 3903 temporeindcademideon.
904 3837 993 3902 pulcra
1002 3837 1053 3901 legi
1061 3842 1148 3903 potest
1207 3881 1209 3884 Α

233 3918 373 3984 descriptio
388 3907 431 3970 iri:
451 3920 541 3971 nesse
560 3921 633 3971 Brit.
656 3920 714 3973 Oct.
729 3921 808 3972 ι1835.
827 3938 853 3988 p.
871 3921 924 3971 288
937 3932 995 3986 sqq.
1015 3919 1060 3972 Cf.
1072 3925 1149 3976 etiam

225 4003 400 4055 libeinwald‘s
417 4005 487 4071 sitq.
510 4006 711 4072 copertorium.
730 4005 809 4058 ι1836.
840 4006 907 4060 Noa.
926 4006 970 4056 XV
987 4005 1032 4055 ltd.
1050 4023 1077 4075 p.
1097 4007 1147 4060 178

160 4116 164 4123 ·
225 4103 283 4153 sqq.
302 4115 333 4127 -
354 4089 365 4139 ²
389 4089 448 4143 tad.
467 4077 600 4157 Vangbsn.
619 4092 722 4156 Vol-1.
734 4110 767 4160 p.
785 4092 847 4145 240.
