2586 4718
642 247 704 349 teo

180 493 330 585 pugnavit
346 502 374 564 ¹.
427 490 483 557 Vir
513 511 611 580 quum
638 502 716 559 esset
739 490 804 558 aeri
831 491 954 584 inqenio
978 483 1142 584 praeditus
1152 522 1172 578 ·,

182 635 369 705 omnemque
396 612 574 703 superbiam
606 624 817 693 aversaretur,
847 612 991 679 marime-
1014 612 1100 686 Cleri
1131 616 1174 689 itt

179 748 299 803 mentes
326 733 490 800 hominum
508 732 773 815 dominationem,
793 733 922 815 multia,
937 756 1018 824 quae
1039 734 1171 820 edidit,

182 857 304 946 scriptis
316 904 326 937 ,
359 856 462 946 Papae
498 853 716 944 tyrannidem,
750 854 922 923 avaritiam·
948 867 981 923 et
1020 855 1169 926 universe

182 976 367 1066 dignitatem
392 976 697 1065 auctoritatemque,
727 997 822 1066 quam
849 975 943 1045 arctis
970 977 1175 1046 circumscri-

181 1098 279 1165 hehat
297 1096 472 1177 limitibus,
492 1098 669 1187 petulanter
686 1096 888 1186 exagitarit2.
931 1088 936 1107 ¹

225 1337 346 1406 Eodem
373 1337 470 1426 igitur
494 1350 635 1428 spectare
653 1336 819 1405 sententias
837 1347 868 1403 et
886 1333 987 1402 studia
1007 1333 1172 1419 Wioliffi,

86 1530 89 1537 ,
181 1481 243 1547 quo
270 1458 395 1524 illorum
416 1459 553 1525 virorum
573 1469 786 1547 spectaverant
807 1454 948 1522 doctrina
972 1469 1004 1520 et
1017 1468 1172 1540 conatus,

178 1578 260 1645 bene
277 1579 432 1667 perspexit
451 1577 619 1666 Gregorius
637 1577 704 1658 xl,
725 1577 820 1666 inque
839 1576 952 1656 bullis,
972 1591 1172 1666 quascontra

137 1687 139 1692 ’
179 1698 359 1767 Wicliffum
387 1697 508 1778 emisit,
538 1694 623 1762 haud
641 1696 781 1764 ‘obscure
813 1695 1019 1785 significavit,
1044 1696 1174 1768 etiamsi

181 1815 312 1888 Occami
329 1838 444 1885 nomeu
464 1839 526 1882 non
545 1817 704 1886 recitaret.
752 1817 864 1906 Neque
882 1816 963 1906 fugit
982 1814 1059 1882 illud
1075 1817 1174 1906 Epis·

179 1963 273 2031 copos
300 1938 443 2028 Angliae.
493 1938 667 2023 Quocum,
698 1935 834 2004 thesium
861 1936 1065 2027 explicatione
1092 1959 1173 2009 eum

179 2050 311 2128 concilio
346 2058 563 2127 Lambethano
597 2059 827 2125 communicati
839 2107 850 2140 ,
883 2059 958 2124 »ab
985 2058 1176 2150 Episcopis

182 2180 345 2247 mandata
374 2183 460 2270 cepit
488 2177 668 2267 Wicliffits
680 2229 689 2261 ‚
719 2193 754 2247 ut
777 2180 872 2245 refert
890 2179 1176 2269 Walsinghamus,

180 2325 221 2367 rte
234 2304 378 2371 ulterius
401 2304 436 2365 aiz
450 2299 573 2367 scholis
593 2322 649 2365 seu
669 2301 874 2365 sermonibus·
887 2348 897 2380 ,
901 2310 1048 2389 propter
1057 2302 1176 2369 laico·'

162 2410 164 2415 ⁵
181 2447 255 2488 rum
274 2422 490 2498 scandalum,
507 2424 593 2487 tales
609 2423 1125 2512 propositionesfrequentaret”
1139 2432 1172 2496 ³.

183 2541 386 2610 Hierarchiae
415 2542 556 2632 profecto
574 2540 712 2608 vindices
729 2565 786 2632 par
812 2556 878 2610 crat
898 2543 1090 2647 supprimeqe
1110 2567 1176 2612 vo-

116 2666 118 2683 '
185 2686 268 2731 cem·
284 2665 371 2752 ejus,
397 2664 452 2753 qui
475 2662 602 2753 publice
622 2662 780 2728 Ecclesiae
799 2663 875 2729 vitia
897 2662 1085 2754 detegebat,
1113 2669 1174 2755 qui

178 2787 250 2877 jura
279 2785 382 2851 civilia
412 2784 591 2851 vindicabat
618 2782 763 2852 adversus
796 2783 1033 2851 Pontificiorum
1066 2784 1174 2855 domi-

186 2906 283 2973 nandi
308 2905 495 2987 libidinem,
528 2904 583 2994 qui
602 2903 690 2970 laicis
707 2902 901 2971 concedebat
920 2885 1100 2974 facultatem
1119 2931 1177 2976 ao·
1215 2961 1220 2967 .

212 3097 224 3133 ¹
251 3097 388 3146 Oceamum
416 3093 544 3142 ludovico
567 3092 659 3144 dixisse
678 3097 800 3144 narrant:
820 3110 836 3143 s
852 3095 894 3143 Tu
910 3111 952 3144 me
968 3097 1098 3162 defendas
1115 3099 1178 3164 qlo-

148 3208 155 3226 .
249 3180 314 3240 dio,
331 3185 358 3227 ot
378 3194 423 3242 eqo
443 3184 469 3226 te
485 3177 627 3241 defendam
643 3178 780 3232 calamo.”
816 3179 848 3230 H.
867 3180 1027 3230 Whartonua
1041 3182 1110 3248 apud
1128 3185 1180 3235 Ga-

247 3281 331 3313 veum.
351 3263 407 3312 vot.
428 3262 464 3312 11.
487 3278 512 3325 p.
535 3261 579 3313 29.
800 3327 802 3330 .
907 3330 909 3334 Ι
1070 3308 1072 3313 .

215 3351 227 3386 ²
264 3350 305 3399 sto
330 3349 362 3397 de
384 3363 414 3396 eo
434 3342 579 3408 judicatum
602 3351 657 3396 este
685 3348 758 3396 Dum
784 3349 932 3414 theoleqs'co
949 3351 1075 3415 scripsit,
1098 3366 1180 3404 soemo
1226 3396 1230 3413 ‚

251 3433 365 3488 melius,
393 3431 458 3478 dum
481 3437 576 3479 contro
600 3431 765 3493 Ecclesium,
788 3437 1054 3486 aremooirulests'or.
1091 3436 1177 3500 Opera

249 3517 305 3581 ojus
319 3511 351 3564 d'o
368 3513 557 3562 Ecclesiastico
573 3522 598 3564 et
612 3517 731 3567 Potestas
744 3525 878 3582 potestate
891 3521 1057 3570 inveniuntur
1072 3521 1098 3569 iu
1111 3522 1179 3572 Gol-

191 3606 194 3611 ’
250 3601 317 3651 daati
333 3597 511 3657 Monarctid,
529 3603 580 3647 ete.
597 3601 667 3650 Tom.
685 3602 735 3652 Ill.
754 3619 780 3667 p.
803 3603 855 3652 313
869 3620 926 3666 sqq.
945 3593 981 3643 -’
998 3607 1061 3656 Octo
1080 3621 1179 3670 quoes-

253 3687 341 3735 ts'onas
354 3695 437 3744 super
446 3689 580 3745 potestate
596 3687 695 3734 summi
710 3685 870 3746 Pontificio,
882 3691 1004 3754 scriptae
1014 3706 1042 3740 u.
1053 3687 1132 3740 5326.
1143 3716 1176 3727 -

195 3789 204 3802 ι
252 3767 404 3830 Dictoque,
421 3769 541 3831 scriptus
560 3784 586 3820 a.
607 3770 687 3821 5328.
705 3795 740 3808 -
759 3769 952 3835 Compendium
972 3788 1096 3824 errorum
1120 3772 1179 3822 Po-

247 3867 300 3920 poe
325 3850 459 3900 Jotonoto
481 3853 574 3902 XXII.
597 3880 629 3890 -
656 3854 755 3918 Scripta
781 3855 845 3905 haec
869 3859 978 3908 multum
1004 3856 1176 3922 legebantur,

126 3982 129 3991 ,
248 3937 390 3999 eximieque
408 3937 537 3987 nocebant
555 3937 679 4005 Paparum
693 3940 843 3991 auctoritati
860 3943 1017 4010 despoticac.

216 4021 315 4073 tutat.
335 4021 413 4087 Acyl.
433 4038 459 4088 p.
474 4022 535 4072 208.
