<?xml version="1.0" encoding="UTF-8"?>
<!DOCTYPE html PUBLIC "-//W3C//DTD XHTML 1.0 Transitional//EN"
    "http://www.w3.org/TR/xhtml1/DTD/xhtml1-transitional.dtd">
<html xmlns="http://www.w3.org/1999/xhtml" xml:lang="en" lang="en">
 <head>
  <title>
</title>
<meta http-equiv="Content-Type" content="text/html;charset=utf-8" />
  <meta name='ocr-system' content='tesseract 3.04.00' />
  <meta name='ocr-capabilities' content='ocr_page ocr_carea ocr_par ocr_line ocrx_word'/>
</head>
<body>
  <div class='ocr_page' id='page_1' title='image "./diatribeinjohan00unkngoog_0205.png"; bbox 0 0 2586 4718; ppageno 0'>
   <div class='ocr_carea' id='block_1_1' title="bbox 556 235 624 297">
    <p class='ocr_par' dir='ltr' id='par_1_1' title="bbox 556 235 624 297">
     <span class='ocr_line' id='line_1_1' title="bbox 556 235 624 297; baseline 0 -1"><span class='ocrx_word' id='word_1_1' title='bbox 556 235 624 297; x_wconf 81' lang='lat' dir='ltr'>tet</span> 
     </span>
    </p>
   </div>
   <div class='ocr_carea' id='block_1_2' title="bbox 101 445 1092 789">
    <p class='ocr_par' dir='ltr' id='par_1_2' title="bbox 101 445 1092 789">
     <span class='ocr_line' id='line_1_2' title="bbox 106 445 1092 542; baseline 0.002 -23"><span class='ocrx_word' id='word_1_2' title='bbox 106 451 170 524; x_wconf 84' lang='lat' dir='ltr'>Sed</span> <span class='ocrx_word' id='word_1_3' title='bbox 188 462 354 542; x_wconf 75' lang='lat' dir='ltr'><strong>antequam</strong></span> <span class='ocrx_word' id='word_1_4' title='bbox 372 448 424 515; x_wconf 91' lang='lat' dir='ltr'>hio</span> <span class='ocrx_word' id='word_1_5' title='bbox 439 471 456 512; x_wconf 94' lang='lat' dir='ltr'>a</span> <span class='ocrx_word' id='word_1_6' title='bbox 475 448 558 538; x_wconf 73' lang='lat' dir='ltr'>Papa</span> <span class='ocrx_word' id='word_1_7' title='bbox 573 445 702 537; x_wconf 86' lang='lat' dir='ltr'>pallium</span> <span class='ocrx_word' id='word_1_8' title='bbox 718 449 907 537; x_wconf 89' lang='lat' dir='ltr'>accepisset,</span> <span class='ocrx_word' id='word_1_9' title='bbox 921 453 1092 542; x_wconf 81' lang='lat' dir='ltr'>scrupulus</span> 
     </span>
     <span class='ocr_line' id='line_1_3' title="bbox 101 561 1091 659; baseline -0.001 -19"><span class='ocrx_word' id='word_1_10' title='bbox 101 576 135 640; x_wconf 92' lang='lat' dir='ltr'>in</span> <span class='ocrx_word' id='word_1_11' title='bbox 171 561 584 659; x_wconf 72' lang='lat' dir='ltr'>exercenda·j11risdictione</span> <span class='ocrx_word' id='word_1_12' title='bbox 616 566 645 634; x_wconf 93' lang='lat' dir='ltr'>ei</span> <span class='ocrx_word' id='word_1_13' title='bbox 677 567 770 634; x_wconf 90' lang='lat' dir='ltr'>faisse</span> <span class='ocrx_word' id='word_1_14' title='bbox 804 566 938 642; x_wconf 87' lang='lat' dir='ltr'>ridetur.</span> <span class='ocrx_word' id='word_1_15' title='bbox 995 570 1091 639; x_wconf 84' lang='lat' dir='ltr'>Illud.</span> 
     </span>
     <span class='ocr_line' id='line_1_4' title="bbox 107 688 1091 789; baseline -0.002 -29"><span class='ocrx_word' id='word_1_16' title='bbox 107 707 212 789; x_wconf 79' lang='lat' dir='ltr'>autem</span> <span class='ocrx_word' id='word_1_17' title='bbox 243 691 364 781; x_wconf 91' lang='lat' dir='ltr'>accepit</span> <span class='ocrx_word' id='word_1_18' title='bbox 393 690 482 756; x_wconf 90' lang='lat' dir='ltr'>initio</span> <span class='ocrx_word' id='word_1_19' title='bbox 509 711 553 757; x_wconf 86' lang='lat' dir='ltr'>m.</span> <span class='ocrx_word' id='word_1_20' title='bbox 587 688 686 778; x_wconf 85' lang='lat' dir='ltr'>Maji,</span> <span class='ocrx_word' id='word_1_21' title='bbox 716 711 795 754; x_wconf 90' lang='lat' dir='ltr'>anno</span> <span class='ocrx_word' id='word_1_22' title='bbox 815 693 939 761; x_wconf 81' lang='lat'><strong>13821.</strong></span> <span class='ocrx_word' id='word_1_23' title='bbox 984 691 1091 775; x_wconf 83' lang='lat' dir='ltr'>lam,</span> 
     </span>
    </p>
   </div>
   <div class='ocr_carea' id='block_1_3' title="bbox 31 809 1090 903">
    <p class='ocr_par' dir='ltr' id='par_1_3' title="bbox 31 809 1090 903">
     <span class='ocr_line' id='line_1_5' title="bbox 31 809 1090 903; baseline -0.005 -19"><span class='ocrx_word' id='word_1_24' title='bbox 31 891 37 903; x_wconf 48' lang='grc'><strong><em>,</em></strong></span> <span class='ocrx_word' id='word_1_25' title='bbox 105 815 251 883; x_wconf 87' lang='lat' dir='ltr'>Primatis</span> <span class='ocrx_word' id='word_1_26' title='bbox 270 811 427 880; x_wconf 81' lang='lat' dir='ltr'><strong>Ecclesiae</strong></span> <span class='ocrx_word' id='word_1_27' title='bbox 448 811 635 900; x_wconf 81' lang='lat' dir='ltr'>Anglioanae</span> <span class='ocrx_word' id='word_1_28' title='bbox 654 823 685 876; x_wconf 92' lang='lat' dir='ltr'>et</span> <span class='ocrx_word' id='word_1_29' title='bbox 702 810 812 900; x_wconf 78' lang='lat' dir='ltr'><strong>Legati</strong></span> <span class='ocrx_word' id='word_1_30' title='bbox 826 809 905 901; x_wconf 83' lang='lat' dir='ltr'>sedis</span> <span class='ocrx_word' id='word_1_31' title='bbox 918 812 1090 902; x_wconf 75' lang='lat' dir='ltr'>Apostoli-</span> 
     </span>
    </p>
   </div>
   <div class='ocr_carea' id='block_1_4' title="bbox 101 929 1089 1505">
    <p class='ocr_par' dir='ltr' id='par_1_4' title="bbox 101 929 1089 1505">
     <span class='ocr_line' id='line_1_6' title="bbox 103 929 1087 1024; baseline -0.001 -21"><span class='ocrx_word' id='word_1_32' title='bbox 103 958 158 1003; x_wconf 85' lang='lat' dir='ltr'>cae</span> <span class='ocrx_word' id='word_1_33' title='bbox 176 933 347 1024; x_wconf 77' lang='lat' dir='ltr'>insignibus</span> <span class='ocrx_word' id='word_1_34' title='bbox 367 943 509 1010; x_wconf 89' lang='lat' dir='ltr'>ornatus,</span> <span class='ocrx_word' id='word_1_35' title='bbox 526 951 629 997; x_wconf 90' lang='lat' dir='ltr'>serere</span> <span class='ocrx_word' id='word_1_36' title='bbox 645 929 769 1020; x_wconf 90' lang='lat' dir='ltr'>incepta</span> <span class='ocrx_word' id='word_1_37' title='bbox 785 944 892 999; x_wconf 88' lang='lat' dir='ltr'>contra</span> <span class='ocrx_word' id='word_1_38' title='bbox 906 930 1087 1002; x_wconf 83' lang='lat' dir='ltr'>haereticos</span> 
     </span>
     <span class='ocr_line' id='line_1_7' title="bbox 105 1026 1086 1149; baseline -0.001 -27"><span class='ocrx_word' id='word_1_39' title='bbox 105 1068 283 1149; x_wconf 86' lang='lat' dir='ltr'>persecatus</span> <span class='ocrx_word' id='word_1_40' title='bbox 311 1066 368 1123; x_wconf 89' lang='lat' dir='ltr'>est.</span> <span class='ocrx_word' id='word_1_41' title='bbox 434 1026 606 1119; x_wconf 85' lang='lat' dir='ltr'>Certiorem</span> <span class='ocrx_word' id='word_1_42' title='bbox 636 1073 668 1118; x_wconf 91' lang='lat' dir='ltr'>se</span> <span class='ocrx_word' id='word_1_43' title='bbox 696 1050 815 1118; x_wconf 85' lang='lat' dir='ltr'>factum</span> <span class='ocrx_word' id='word_1_44' title='bbox 842 1073 905 1118; x_wconf 90' lang='lat' dir='ltr'>esse</span> <span class='ocrx_word' id='word_1_45' title='bbox 936 1052 1086 1136; x_wconf 84' lang='lat' dir='ltr'>dicebat,</span> 
     </span>
     <span class='ocr_line' id='line_1_8' title="bbox 103 1156 1088 1270; baseline -0.004 -25"><span class='ocrx_word' id='word_1_46' title='bbox 103 1203 126 1245; x_wconf 77' lang='lat' dir='ltr'>&gt;r</span> <span class='ocrx_word' id='word_1_47' title='bbox 136 1177 219 1270; x_wconf 92' lang='lat' dir='ltr'>quod</span> <span class='ocrx_word' id='word_1_48' title='bbox 228 1226 238 1259; x_wconf 98' lang='lat'>,</span> <span class='ocrx_word' id='word_1_49' title='bbox 254 1187 318 1242; x_wconf 90' lang='lat' dir='ltr'>tam</span> <span class='ocrx_word' id='word_1_50' title='bbox 337 1175 419 1242; x_wconf 90' lang='lat' dir='ltr'>inter</span> <span class='ocrx_word' id='word_1_51' title='bbox 434 1180 592 1264; x_wconf 79' lang='lat' dir='ltr'>magnates</span> <span class='ocrx_word' id='word_1_52' title='bbox 601 1156 721 1262; x_wconf 88' lang='lat' dir='ltr'>,qnam</span> <span class='ocrx_word' id='word_1_53' title='bbox 733 1171 813 1239; x_wconf 91' lang='lat' dir='ltr'>inter</span> <span class='ocrx_word' id='word_1_54' title='bbox 822 1174 986 1263; x_wconf 90' lang='lat' dir='ltr'>populares</span> <span class='ocrx_word' id='word_1_55' title='bbox 994 1177 1088 1266; x_wconf 84' lang='lat' dir='ltr'>regni</span> 
     </span>
     <span class='ocr_line' id='line_1_9' title="bbox 104 1280 1089 1389; baseline -0.004 -23"><span class='ocrx_word' id='word_1_56' title='bbox 104 1298 256 1389; x_wconf 70' lang='lat' dir='ltr'>angliae,</span> <span class='ocrx_word' id='word_1_57' title='bbox 280 1280 388 1363; x_wconf 85' lang='lat' dir='ltr'>fuisset</span> <span class='ocrx_word' id='word_1_58' title='bbox 408 1295 491 1361; x_wconf 83' lang='lat' dir='ltr'>fama</span> <span class='ocrx_word' id='word_1_59' title='bbox 507 1294 681 1384; x_wconf 78' lang='lat' dir='ltr'>diuulgata,</span> <span class='ocrx_word' id='word_1_60' title='bbox 695 1293 858 1361; x_wconf 88' lang='lat' dir='ltr'>nonnullas</span> <span class='ocrx_word' id='word_1_61' title='bbox 872 1295 1089 1363; x_wconf 82' lang='lat' dir='ltr'>conclusiones</span> 
     </span>
     <span class='ocr_line' id='line_1_10' title="bbox 101 1413 1088 1505; baseline -0.002 -21"><span class='ocrx_word' id='word_1_62' title='bbox 101 1417 275 1484; x_wconf 88' lang='lat' dir='ltr'>haereticas</span> <span class='ocrx_word' id='word_1_63' title='bbox 302 1430 333 1483; x_wconf 88' lang='lat' dir='ltr'>et</span> <span class='ocrx_word' id='word_1_64' title='bbox 352 1438 518 1505; x_wconf 88' lang='lat' dir='ltr'>erroneas,</span> <span class='ocrx_word' id='word_1_65' title='bbox 538 1438 575 1480; x_wconf 91' lang='lat' dir='ltr'>ac</span> <span class='ocrx_word' id='word_1_66' title='bbox 594 1413 906 1489; x_wconf 81' lang='lat' dir='ltr'>determinationibus</span> <span class='ocrx_word' id='word_1_67' title='bbox 925 1415 1088 1482; x_wconf 79' lang='lat' dir='ltr'>Ecclesiae</span> 
     </span>
    </p>
   </div>
   <div class='ocr_carea' id='block_1_5' title="bbox 37 1534 1085 1634">
    <p class='ocr_par' dir='ltr' id='par_1_5' title="bbox 37 1534 1085 1634">
     <span class='ocr_line' id='line_1_11' title="bbox 37 1534 1085 1634; baseline -0.003 -29"><span class='ocrx_word' id='word_1_68' title='bbox 37 1599 42 1605; x_wconf 91' lang='lat'><strong>.</strong></span> <span class='ocrx_word' id='word_1_69' title='bbox 102 1552 327 1630; x_wconf 82' lang='lat' dir='ltr'>repugnantes.</span> <span class='ocrx_word' id='word_1_70' title='bbox 362 1558 442 1626; x_wconf 91' lang='lat' dir='ltr'>quae</span> <span class='ocrx_word' id='word_1_71' title='bbox 474 1549 589 1603; x_wconf 90' lang='lat' dir='ltr'>statum</span> <span class='ocrx_word' id='word_1_72' title='bbox 620 1537 729 1634; x_wconf 38' lang='lat' dir='ltr'>totius·</span> <span class='ocrx_word' id='word_1_73' title='bbox 744 1536 901 1601; x_wconf 78' lang='lat' dir='ltr'>Ecclesiae</span> <span class='ocrx_word' id='word_1_74' title='bbox 930 1549 962 1602; x_wconf 91' lang='lat' dir='ltr'>et</span> <span class='ocrx_word' id='word_1_75' title='bbox 993 1534 1085 1602; x_wconf 85' lang='lat' dir='ltr'>Can-</span> 
     </span>
    </p>
   </div>
   <div class='ocr_carea' id='block_1_6' title="bbox 100 1655 1088 2114">
    <p class='ocr_par' dir='ltr' id='par_1_6' title="bbox 100 1655 1088 2114">
     <span class='ocr_line' id='line_1_12' title="bbox 102 1655 1088 1748; baseline -0.003 -20"><span class='ocrx_word' id='word_1_76' title='bbox 102 1660 265 1728; x_wconf 88' lang='lat' dir='ltr'>tnariensis</span> <span class='ocrx_word' id='word_1_77' title='bbox 285 1657 486 1748; x_wconf 76' lang='lat' dir='ltr'>provinciae,</span> <span class='ocrx_word' id='word_1_78' title='bbox 506 1670 537 1724; x_wconf 92' lang='lat' dir='ltr'>et</span> <span class='ocrx_word' id='word_1_79' title='bbox 557 1657 815 1746; x_wconf 89' lang='lat' dir='ltr'>tranquillitatem</span> <span class='ocrx_word' id='word_1_80' title='bbox 833 1656 922 1746; x_wconf 90' lang='lat' dir='ltr'>regni</span> <span class='ocrx_word' id='word_1_81' title='bbox 939 1655 1088 1725; x_wconf 88' lang='lat' dir='ltr'>nituntur</span> 
     </span>
     <span class='ocr_line' id='line_1_13' title="bbox 102 1777 1087 1868; baseline -0.003 -19"><span class='ocrx_word' id='word_1_82' title='bbox 102 1782 303 1861; x_wconf 82' lang='lat' dir='ltr'>subvertere,</span> <span class='ocrx_word' id='word_1_83' title='bbox 325 1780 357 1845; x_wconf 94' lang='lat' dir='ltr'>io</span> <span class='ocrx_word' id='word_1_84' title='bbox 374 1777 502 1844; x_wconf 89' lang='lat' dir='ltr'>dirersis</span> <span class='ocrx_word' id='word_1_85' title='bbox 511 1779 587 1845; x_wconf 87' lang='lat' dir='ltr'>locis</span> <span class='ocrx_word' id='word_1_86' title='bbox 597 1777 699 1845; x_wconf 88' lang='lat' dir='ltr'>dictae</span> <span class='ocrx_word' id='word_1_87' title='bbox 709 1778 887 1868; x_wconf 83' lang='lat' dir='ltr'>provinciae</span> <span class='ocrx_word' id='word_1_88' title='bbox 897 1780 1087 1868; x_wconf 78' lang='lat' dir='ltr'>generaliter</span> 
     </span>
     <span class='ocr_line' id='line_1_14' title="bbox 101 1886 1087 1990; baseline 0 -22"><span class='ocrx_word' id='word_1_89' title='bbox 101 1915 134 1968; x_wconf 86' lang='lat' dir='ltr'>et</span> <span class='ocrx_word' id='word_1_90' title='bbox 151 1886 359 1968; x_wconf 88' lang='lat' dir='ltr'>communiter</span> <span class='ocrx_word' id='word_1_91' title='bbox 375 1921 411 1965; x_wconf 89' lang='lat' dir='ltr'>ac</span> <span class='ocrx_word' id='word_1_92' title='bbox 427 1899 554 1989; x_wconf 91' lang='lat' dir='ltr'>publice</span> <span class='ocrx_word' id='word_1_93' title='bbox 568 1897 828 1990; x_wconf 85' lang='lat' dir='ltr'>praedicatas&#39;&#39;²;</span> <span class='ocrx_word' id='word_1_94' title='bbox 847 1912 878 1965; x_wconf 90' lang='lat' dir='ltr'>et</span> <span class='ocrx_word' id='word_1_95' title='bbox 894 1901 1087 1969; x_wconf 82' lang='lat' dir='ltr'>convocabat</span> 
     </span>
     <span class='ocr_line' id='line_1_15' title="bbox 100 2019 1088 2114; baseline 0 -26"><span class='ocrx_word' id='word_1_96' title='bbox 100 2034 267 2114; x_wconf 90' lang='lat' dir='ltr'>propterea</span> <span class='ocrx_word' id='word_1_97' title='bbox 292 2020 442 2111; x_wconf 88' lang='lat' dir='ltr'>quosdam</span> <span class='ocrx_word' id='word_1_98' title='bbox 466 2043 501 2086; x_wconf 87' lang='lat' dir='ltr'>er</span> <span class='ocrx_word' id='word_1_99' title='bbox 530 2020 656 2110; x_wconf 90' lang='lat' dir='ltr'>collegis</span> <span class='ocrx_word' id='word_1_100' title='bbox 674 2019 887 2110; x_wconf 87' lang='lat' dir='ltr'>suffraganeis,</span> <span class='ocrx_word' id='word_1_101' title='bbox 906 2021 1088 2111; x_wconf 88' lang='lat' dir='ltr'>multosque</span> 
     </span>
    </p>
   </div>
   <div class='ocr_carea' id='block_1_7' title="bbox 100 2139 1209 2231">
    <p class='ocr_par' dir='ltr' id='par_1_7' title="bbox 100 2139 1209 2231">
     <span class='ocr_line' id='line_1_16' title="bbox 100 2139 1209 2231; baseline -0.005 -22"><span class='ocrx_word' id='word_1_102' title='bbox 100 2141 275 2231; x_wconf 87' lang='lat' dir='ltr'>theologiae</span> <span class='ocrx_word' id='word_1_103' title='bbox 286 2189 296 2222; x_wconf 99' lang='lat'>,</span> <span class='ocrx_word' id='word_1_104' title='bbox 321 2141 402 2231; x_wconf 89' lang='lat' dir='ltr'>juris</span> <span class='ocrx_word' id='word_1_105' title='bbox 422 2141 522 2207; x_wconf 86' lang='lat' dir='ltr'>cirilis</span> <span class='ocrx_word' id='word_1_106' title='bbox 541 2153 573 2208; x_wconf 90' lang='lat' dir='ltr'>et</span> <span class='ocrx_word' id='word_1_107' title='bbox 593 2140 735 2207; x_wconf 90' lang='lat' dir='ltr'>canonici</span> <span class='ocrx_word' id='word_1_108' title='bbox 754 2139 894 2207; x_wconf 91' lang='lat' dir='ltr'>doctores</span> <span class='ocrx_word' id='word_1_109' title='bbox 913 2163 951 2206; x_wconf 90' lang='lat' dir='ltr'>ac</span> <span class='ocrx_word' id='word_1_110' title='bbox 971 2141 1087 2208; x_wconf 88' lang='lat' dir='ltr'>bacca·</span> <span class='ocrx_word' id='word_1_111' title='bbox 1202 2190 1209 2204; x_wconf 91' lang='lat'><em>.</em></span> 
     </span>
    </p>
   </div>
   <div class='ocr_carea' id='block_1_8' title="bbox 100 2258 1087 3564">
    <p class='ocr_par' dir='ltr' id='par_1_8' title="bbox 100 2258 1087 3564">
     <span class='ocr_line' id='line_1_17' title="bbox 101 2258 1086 2353; baseline 0.001 -24"><span class='ocrx_word' id='word_1_112' title='bbox 101 2262 245 2343; x_wconf 88' lang='lat' dir='ltr'>lcareos,</span> <span class='ocrx_word' id='word_1_113' title='bbox 266 2263 321 2352; x_wconf 91' lang='lat' dir='ltr'>qui</span> <span class='ocrx_word' id='word_1_114' title='bbox 340 2284 483 2352; x_wconf 88' lang='lat' dir='ltr'>magnam</span> <span class='ocrx_word' id='word_1_115' title='bbox 502 2276 622 2353; x_wconf 89' lang='lat' dir='ltr'>partem</span> <span class='ocrx_word' id='word_1_116' title='bbox 641 2258 681 2326; x_wconf 90' lang='lat' dir='ltr'>ad</span> <span class='ocrx_word' id='word_1_117' title='bbox 700 2260 824 2327; x_wconf 88' lang='lat' dir='ltr'>ordines</span> <span class='ocrx_word' id='word_1_118' title='bbox 842 2261 972 2328; x_wconf 89' lang='lat' dir='ltr'>fratrum</span> <span class='ocrx_word' id='word_1_119' title='bbox 992 2263 1086 2330; x_wconf 83' lang='lat' dir='ltr'>Men-</span> 
     </span>
     <span class='ocr_line' id='line_1_18' title="bbox 103 2381 1087 2476; baseline 0.001 -27"><span class='ocrx_word' id='word_1_120' title='bbox 103 2382 285 2476; x_wconf 88' lang='lat' dir='ltr'>dioantium</span> <span class='ocrx_word' id='word_1_121' title='bbox 302 2384 514 2474; x_wconf 88' lang='lat' dir='ltr'>pertinebant.</span> <span class='ocrx_word' id='word_1_122' title='bbox 572 2381 615 2446; x_wconf 86' lang='lat' dir='ltr'>lli</span> <span class='ocrx_word' id='word_1_123' title='bbox 645 2402 751 2448; x_wconf 90' lang='lat' dir='ltr'>omnes</span> <span class='ocrx_word' id='word_1_124' title='bbox 780 2382 1004 2449; x_wconf 76' lang='lat' dir='ltr'>conveniebant</span> <span class='ocrx_word' id='word_1_125' title='bbox 1029 2383 1087 2450; x_wconf 90' lang='lat' dir='ltr'>die</span> 
     </span>
     <span class='ocr_line' id='line_1_19' title="bbox 104 2499 1087 2595; baseline -0.001 -26"><span class='ocrx_word' id='word_1_126' title='bbox 104 2508 145 2571; x_wconf 82' lang='lat'>1⁷</span> <span class='ocrx_word' id='word_1_127' title='bbox 172 2504 248 2593; x_wconf 79' lang='lat' dir='ltr'>Maji</span> <span class='ocrx_word' id='word_1_128' title='bbox 277 2503 393 2592; x_wconf 81' lang='lat'>(1382)</span> <span class='ocrx_word' id='word_1_129' title='bbox 417 2506 450 2570; x_wconf 89' lang='lat' dir='ltr'>in</span> <span class='ocrx_word' id='word_1_130' title='bbox 470 2501 616 2595; x_wconf 78' lang='lat' dir='ltr'>conclave</span> <span class='ocrx_word' id='word_1_131' title='bbox 634 2499 791 2592; x_wconf 88' lang='lat' dir='ltr'>quoddam</span> <span class='ocrx_word' id='word_1_132' title='bbox 811 2501 936 2568; x_wconf 89' lang='lat' dir='ltr'>aedium</span> <span class='ocrx_word' id='word_1_133' title='bbox 955 2501 1087 2569; x_wconf 88' lang='lat' dir='ltr'>Praedi-</span> 
     </span>
     <span class='ocr_line' id='line_1_20' title="bbox 101 2621 1087 2715; baseline 0 -23"><span class='ocrx_word' id='word_1_134' title='bbox 101 2637 242 2693; x_wconf 83' lang='lat' dir='ltr'>catornm</span> <span class='ocrx_word' id='word_1_135' title='bbox 262 2625 409 2694; x_wconf 89' lang='lat' dir='ltr'>Londini.</span> <span class='ocrx_word' id='word_1_136' title='bbox 438 2623 606 2712; x_wconf 85' lang='lat' dir='ltr'>Postquam</span> <span class='ocrx_word' id='word_1_137' title='bbox 626 2621 910 2714; x_wconf 78' lang='lat' dir='ltr'>Archiepiscopus,</span> <span class='ocrx_word' id='word_1_138' title='bbox 928 2623 1087 2715; x_wconf 67' lang='lat' dir='ltr'>praelecta</span> 
     </span>
     <span class='ocr_line' id='line_1_21' title="bbox 101 2741 1086 2837; baseline 0.003 -25"><span class='ocrx_word' id='word_1_139' title='bbox 101 2745 179 2812; x_wconf 89' lang='lat' dir='ltr'>serie</span> <span class='ocrx_word' id='word_1_140' title='bbox 200 2747 309 2837; x_wconf 78' lang='lat' dir='ltr'>viginti</span> <span class='ocrx_word' id='word_1_141' title='bbox 328 2757 461 2835; x_wconf 88' lang='lat' dir='ltr'>quatuor</span> <span class='ocrx_word' id='word_1_142' title='bbox 481 2741 637 2824; x_wconf 88' lang='lat' dir='ltr'>thesium,</span> <span class='ocrx_word' id='word_1_143' title='bbox 661 2745 846 2810; x_wconf 89' lang='lat' dir='ltr'>sententiam</span> <span class='ocrx_word' id='word_1_144' title='bbox 866 2768 973 2812; x_wconf 90' lang='lat' dir='ltr'>eorum</span> <span class='ocrx_word' id='word_1_145' title='bbox 992 2769 1086 2836; x_wconf 86' lang='lat' dir='ltr'>roga-</span> 
     </span>
     <span class='ocr_line' id='line_1_22' title="bbox 101 2862 1085 2956; baseline 0 -22"><span class='ocrx_word' id='word_1_146' title='bbox 101 2881 209 2949; x_wconf 87' lang='lat' dir='ltr'>rerat,</span> <span class='ocrx_word' id='word_1_147' title='bbox 235 2889 267 2933; x_wconf 89' lang='lat' dir='ltr'>se</span> <span class='ocrx_word' id='word_1_148' title='bbox 286 2865 326 2931; x_wconf 90' lang='lat' dir='ltr'>de</span> <span class='ocrx_word' id='word_1_149' title='bbox 348 2865 408 2930; x_wconf 90' lang='lat' dir='ltr'>illis</span> <span class='ocrx_word' id='word_1_150' title='bbox 427 2887 491 2930; x_wconf 90' lang='lat' dir='ltr'>esse</span> <span class='ocrx_word' id='word_1_151' title='bbox 511 2862 737 2932; x_wconf 88' lang='lat' dir='ltr'>deliberaturos</span> <span class='ocrx_word' id='word_1_152' title='bbox 751 2867 991 2956; x_wconf 89' lang='lat' dir='ltr'>pollicebantur.</span> <span class='ocrx_word' id='word_1_153' title='bbox 1020 2869 1085 2935; x_wconf 87' lang='lat' dir='ltr'>Die</span> 
     </span>
     <span class='ocr_line' id='line_1_23' title="bbox 102 2982 1085 3078; baseline 0 -24"><span class='ocrx_word' id='word_1_154' title='bbox 102 3001 205 3054; x_wconf 90' lang='lat' dir='ltr'>autem</span> <span class='ocrx_word' id='word_1_155' title='bbox 227 2991 266 3054; x_wconf 88' lang='lat'>21</span> <span class='ocrx_word' id='word_1_156' title='bbox 291 2982 430 3077; x_wconf 87' lang='lat' dir='ltr'>ejusdem</span> <span class='ocrx_word' id='word_1_157' title='bbox 450 2984 563 3077; x_wconf 88' lang='lat' dir='ltr'>mensis</span> <span class='ocrx_word' id='word_1_158' title='bbox 586 2985 700 3051; x_wconf 89' lang='lat' dir='ltr'>iterum</span> <span class='ocrx_word' id='word_1_159' title='bbox 731 2987 930 3078; x_wconf 89' lang='lat' dir='ltr'>congregati,</span> <span class='ocrx_word' id='word_1_160' title='bbox 958 2986 1085 3055; x_wconf 74' lang='lat' dir='ltr'>nirdam</span> 
     </span>
     <span class='ocr_line' id='line_1_24' title="bbox 102 3105 1085 3203; baseline 0 -28"><span class='ocrx_word' id='word_1_161' title='bbox 102 3132 168 3175; x_wconf 89' lang='lat' dir='ltr'>rem</span> <span class='ocrx_word' id='word_1_162' title='bbox 188 3105 321 3197; x_wconf 75' lang='lat' dir='ltr'>aggressi</span> <span class='ocrx_word' id='word_1_163' title='bbox 341 3119 447 3203; x_wconf 89' lang='lat' dir='ltr'>erant,</span> <span class='ocrx_word' id='word_1_164' title='bbox 465 3130 562 3196; x_wconf 90' lang='lat' dir='ltr'>quum</span> <span class='ocrx_word' id='word_1_165' title='bbox 582 3108 730 3183; x_wconf 91' lang='lat' dir='ltr'>terribilis</span> <span class='ocrx_word' id='word_1_166' title='bbox 748 3122 849 3175; x_wconf 89' lang='lat' dir='ltr'>terrae</span> <span class='ocrx_word' id='word_1_167' title='bbox 867 3123 969 3177; x_wconf 87' lang='lat' dir='ltr'>motus</span> <span class='ocrx_word' id='word_1_168' title='bbox 986 3123 1085 3176; x_wconf 88' lang='lat' dir='ltr'>totam</span> 
     </span>
     <span class='ocr_line' id='line_1_25' title="bbox 101 3225 1086 3325; baseline 0.002 -29"><span class='ocrx_word' id='word_1_169' title='bbox 101 3227 237 3321; x_wconf 80' lang='lat' dir='ltr'>peruasit</span> <span class='ocrx_word' id='word_1_170' title='bbox 268 3225 425 3315; x_wconf 81' lang='lat' dir='ltr'>Angliam.</span> <span class='ocrx_word' id='word_1_171' title='bbox 477 3227 612 3294; x_wconf 89' lang='lat' dir='ltr'>Praelati</span> <span class='ocrx_word' id='word_1_172' title='bbox 631 3242 664 3295; x_wconf 92' lang='lat' dir='ltr'>et</span> <span class='ocrx_word' id='word_1_173' title='bbox 684 3227 1086 3325; x_wconf 32' lang='lat' dir='ltr'>doctores,lperterrefacti</span> 
     </span>
     <span class='ocr_line' id='line_1_26' title="bbox 100 3347 1086 3441; baseline -0.001 -24"><span class='ocrx_word' id='word_1_174' title='bbox 100 3364 133 3417; x_wconf 91' lang='lat' dir='ltr'>et</span> <span class='ocrx_word' id='word_1_175' title='bbox 161 3347 284 3415; x_wconf 90' lang='lat' dir='ltr'>sinistro</span> <span class='ocrx_word' id='word_1_176' title='bbox 315 3348 419 3414; x_wconf 89' lang='lat' dir='ltr'>omine</span> <span class='ocrx_word' id='word_1_177' title='bbox 446 3371 477 3415; x_wconf 92' lang='lat' dir='ltr'>se</span> <span class='ocrx_word' id='word_1_178' title='bbox 508 3349 648 3440; x_wconf 90' lang='lat' dir='ltr'>incipere</span> <span class='ocrx_word' id='word_1_179' title='bbox 667 3351 849 3441; x_wconf 86' lang='lat' dir='ltr'>opinantes,</span> <span class='ocrx_word' id='word_1_180' title='bbox 875 3349 1086 3427; x_wconf 86' lang='lat' dir='ltr'>desistendum</span> 
     </span>
     <span class='ocr_line' id='line_1_27' title="bbox 102 3469 1086 3564; baseline 0 -26"><span class='ocrx_word' id='word_1_181' title='bbox 102 3493 168 3538; x_wconf 88' lang='lat' dir='ltr'>esse</span> <span class='ocrx_word' id='word_1_182' title='bbox 195 3493 212 3535; x_wconf 91' lang='lat' dir='ltr'>a</span> <span class='ocrx_word' id='word_1_183' title='bbox 238 3469 363 3561; x_wconf 86' lang='lat' dir='ltr'>negotio</span> <span class='ocrx_word' id='word_1_184' title='bbox 392 3472 570 3540; x_wconf 88' lang='lat' dir='ltr'>censebant.</span> <span class='ocrx_word' id='word_1_185' title='bbox 619 3471 881 3564; x_wconf 83' lang='lat' dir='ltr'>Archiepiscopus</span> <span class='ocrx_word' id='word_1_186' title='bbox 899 3495 990 3554; x_wconf 87' lang='lat' dir='ltr'>rero,</span> <span class='ocrx_word' id='word_1_187' title='bbox 1010 3473 1086 3538; x_wconf 88' lang='lat' dir='ltr'>reli-</span> 
     </span>
    </p>
   </div>
   <div class='ocr_carea' id='block_1_9' title="bbox 99 3588 1085 3700">
    <p class='ocr_par' dir='ltr' id='par_1_9' title="bbox 99 3588 1085 3700">
     <span class='ocr_line' id='line_1_28' title="bbox 99 3588 1085 3700; baseline 0.002 -42"><span class='ocrx_word' id='word_1_188' title='bbox 99 3593 173 3681; x_wconf 89' lang='lat' dir='ltr'>&#39;quis</span> <span class='ocrx_word' id='word_1_189' title='bbox 191 3588 359 3674; x_wconf 89' lang='lat' dir='ltr'>audacior,</span> <span class='ocrx_word' id='word_1_190' title='bbox 373 3592 464 3683; x_wconf 88' lang='lat' dir='ltr'>longe</span> <span class='ocrx_word' id='word_1_191' title='bbox 479 3593 511 3666; x_wconf 87' lang='lat' dir='ltr'>in</span> <span class='ocrx_word' id='word_1_192' title='bbox 527 3589 687 3659; x_wconf 85' lang='lat' dir='ltr'>diversum</span> <span class='ocrx_word' id='word_1_193' title='bbox 700 3595 980 3685; x_wconf 88' lang='lat' dir='ltr'>interpretabatur,</span> <span class='ocrx_word' id='word_1_194' title='bbox 999 3593 1085 3700; x_wconf 73' lang='lat' dir='ltr'>guod</span> 
     </span>
    </p>
   </div>
   <div class='ocr_carea' id='block_1_10' title="bbox 131 3881 803 4049">
    <p class='ocr_par' dir='ltr' id='par_1_10' title="bbox 131 3881 803 4049">
     <span class='ocr_line' id='line_1_29' title="bbox 134 3881 803 3945; baseline 0 -14"><span class='ocrx_word' id='word_1_195' title='bbox 134 3883 297 3943; x_wconf 82' lang='lat' dir='ltr'>¹.Wilkios,</span> <span class='ocrx_word' id='word_1_196' title='bbox 322 3882 462 3942; x_wconf 71' lang='lat' dir='ltr'>Concilio,</span> <span class='ocrx_word' id='word_1_197' title='bbox 480 3883 538 3933; x_wconf 84' lang='lat' dir='ltr'>Vol.</span> <span class='ocrx_word' id='word_1_198' title='bbox 560 3881 610 3933; x_wconf 84' lang='lat'>111.</span> <span class='ocrx_word' id='word_1_199' title='bbox 626 3897 652 3945; x_wconf 90' lang='lat' dir='ltr'>p.</span> <span class='ocrx_word' id='word_1_200' title='bbox 677 3882 734 3934; x_wconf 75' lang='lat' dir='ltr'>tat.</span> <span class='ocrx_word' id='word_1_201' title='bbox 800 3908 803 3912; x_wconf 40' lang='lat'>*</span> 
     </span>
     <span class='ocr_line' id='line_1_30' title="bbox 131 3963 679 4049; baseline 0.002 -33"><span class='ocrx_word' id='word_1_202' title='bbox 131 3968 143 4004; x_wconf 80' lang='lat'>²</span> <span class='ocrx_word' id='word_1_203' title='bbox 167 3967 296 4027; x_wconf 84' lang='lat' dir='ltr'>Willina,</span> <span class='ocrx_word' id='word_1_204' title='bbox 321 3965 399 4018; x_wconf 77' lang='lat' dir='ltr'>Cotto.</span> <span class='ocrx_word' id='word_1_205' title='bbox 421 3967 478 4017; x_wconf 80' lang='lat' dir='ltr'>Vol.</span> <span class='ocrx_word' id='word_1_206' title='bbox 498 3967 549 4018; x_wconf 89' lang='lat' dir='ltr'>Ill.</span> <span class='ocrx_word' id='word_1_207' title='bbox 569 3984 595 4033; x_wconf 89' lang='lat' dir='ltr'>p.</span> <span class='ocrx_word' id='word_1_208' title='bbox 616 3963 679 4049; x_wconf 22' lang='lat'>157..</span> 
     </span>
    </p>
   </div>
   <div class='ocr_carea' id='block_1_11' title="bbox 0 0 1298 4718">
    <p class='ocr_par' dir='ltr' id='par_1_11' title="bbox 0 0 1298 4718">
     <span class='ocr_line' id='line_1_31' title="bbox 0 0 1298 4718; baseline 0 1"><span class='ocrx_word' id='word_1_209' title='bbox 0 0 1298 4718; x_wconf 95' lang='lat' dir='ltr'> </span> 
     </span>
    </p>
   </div>
  </div>
 </body>
</html>
