2586 4718
582 267 646 332 an
741 249 747 257 ’

109 485 203 568 tudo,
222 505 355 576 quorum
375 504 480 549 uxores
498 480 640 548 obierant
658 482 690 547 in
710 461 904 571 pestilentia,
920 481 1089 573 dequibus

106 609 199 674 multi
218 607 357 672 illiterati
375 618 406 672 et
425 603 512 695 quasi
526 603 606 669 meri
623 603 712 684 laici,
731 604 791 670 nisi
799 616 951 707 guatenaas
961 605 1087 696 aliqua·
1178 694 1181 699 ,

105 728 178 795 liter
195 727 297 817 legere
316 726 475 807 sciebant,
494 726 568 792 licet
586 748 649 792 non
668 726 840 814 intelligere
853 732 904 795 ¹.'’

53 812 59 834 Χ
149 850 236 916 llaec
264 860 404 939 tempora
434 848 610 914 calamitosa
637 847 840 939 universaque
871 845 951 915 hacc
981 871 1086 917 rerum

105 969 244 1036 confusio
260 981 291 1034 et
310 970 343 1034 in
362 967 500 1034 Ecclesia
524 980 555 1034 et
575 969 607 1034 in
627 967 689 1033 rita
710 967 836 1049 sociali,
858 967 1003 1036 ridentur
1021 969 1086 1035 im·

104 1091 218 1181 pulisse
245 1089 421 1155 Wicliffum
433 1139 444 1170 ,
475 1101 510 1156 ut
535 1087 676 1154 homines
706 1086 923 1155 adhortaretur
946 1089 986 1155 ad
1011 1090 1085 1157 vitia

32 1194 42 1211 ⁸
105 1211 271 1276 virtutibus
291 1204 483 1276 emendanda
503 1222 534 1274 et
549 1207 743 1275 redeundum
763 1208 802 1274 ad
820 1223 958 1276 mentem
975 1211 1086 1277 melio·

104 1352 182 1399 rem.
207 1330 248 1397 Et
266 1330 310 1395 sic
329 1328 591 1421 quide'mprodiit
610 1352 691 1397 anno
703 1331 961 1411 1356‚libellum
973 1331 1086 1414 edens,

106 1451 161 1539 qui
196 1451 361 1540 inscriptus
393 1464 458 1519 cst:
503 1451 543 1524 dc
576 1452 699 1517 ultima
724 1460 833 1518 aetate
862 1453 1037 1520 Ecclesiae
1056 1463 1083 1522 ².

107 1594 128 1635 »
140 1567 247 1635 Eheu!
283 1569 363 1660 prob
391 1569 501 1651 dolor,
526 1571 582 1658 (ita
607 1571 752 1662 incipit),
776 1575 881 1662 magni
912 1575 1085 1642 sacerdotes

104 1703 263 1759 versantur
283 1690 314 1754 in
336 1689 471 1757 tenebris
492 1703 524 1756 et
542 1691 659 1757 umbria
674 1694 817 1763 mortis.”
877 1695 1085 1762 Vehementer

87 1824 169 1910 (tum
187 1811 395 1904 perstringens
413 1811 596 1878 clericorum
623 1812 720 1894 ritia,
744 1814 776 1878 in
795 1811 908 1880 horum
927 1816 1062 1883 vanitate
1073 1866 1083 1898 ,

101 1932 252 2010 aimonii,
276 1932 362 2021 turpi
381 1931 518 2013 incurii,
543 1932 682 1998 omnium
700 1936 853 2000 malorum
873 1937 1018 2026 culpam,
1053 1950 1084 2003 et

101 2077 224 2121 causam
253 2054 379 2133 morbi,
412 2054 489 2143 qui,
522 2053 718 2143 pestilentiae
745 2055 776 2120 ri
806 2056 897 2146 longe
920 2080 990 2123 sane
1008 2080 1083 2145 gra·

103 2177 191 2274 rior,
224 2175 256 2239 in
284 2175 437 2240 societatis
465 2174 550 2240 renis
569 2175 782 2265 grassabatur,
805 2177 940 2244 residere
958 2178 1085 2270 potissi-

102 2320 188 2363 mum
207 2308 310 2386 putat.
358 2297 475 2362 Eorum
500 2309 628 2387 propter
647 2298 854 2389 corruptelam
875 2322 1083 2380 meramors,

101 2420 257 2487 vindictae
286 2418 409 2485 divinae
436 2418 546 2484 nuntia
575 2432 606 2486 et
638 2421 802 2501 ministra,
838 2442 1084 2510 quaquaversum

100 2539 350 2634 prorumpebat
393 2536 456 2606 Sed
491 2538 566 2605 hac*
583 2541 762 2631 nuperrimis
791 2541 966 2608 calamitate
993 2542 1083 2631 longe

100 2661 273 2753 graviorem
292 2659 406 2725 instare
425 2659 595 2751 prospicit:
622 2664 784 2727 annuntiat
799 2665 918 2728 summai
936 2662 1085 2752 gravitate

101 2794 271 2870 extremum
293 2780 448 2872 quoddam
473 2781 631 2871 judicium
649 2785 716 2872 jam
730 2786 796 2873 jam
817 2785 1080 2872 appropinquans.
1109 2822 1112 2831 ν

101 2901 280 2969 »Vindicta
302 2901 419 2993 gladii,
441 2903 505 2983 ait,
529 2916 561 2971 ct
577 2893 745 2982 miseriae{
769 2901 946 2991 incognitae
970 2915 1059 2967 antea
1071 2951 1082 2984 ‚

11 3106 14 3110 Δ
86 3024 215 3113 'quibus
242 3021 383 3089 homines
411 3023 471 3090 illis
504 3023 614 3090 diebus
642 3023 832 3114 punientur,
866 3008 1083 3112 supervenient

99 3156 228 3236 propter
255 3158 382 3235 peccata
402 3143 618 3226 sacerdotum3
645 3142 785 3210 homines
805 3141 1024 3237 aggredientur
1043 3145 1085 3212 is·

100 3279 147 3333 tos
169 3278 201 3332 et
227 3267 352 3357 ejicient
372 3287 407 3330 ex
427 3264 594 3356 pinguibus
614 3263 751 3352 ipsorum
770 3263 930 3331 beneficiis
940 3314 951 3346 ,
976 3278 1008 3331 et
1029 3265 1083 3331 di-

100 3400 191 3456 cent:
228 3386 280 3453 hic
307 3386 472 3455 beneficio.
490 3408 544 3451 suo
563 3395 688 3449 ornatus
704 3396 749 3451 est
765 3407 821 3474 pcr
840 3387 1081 3477 consanguineos

102 3531 190 3590 suos,
221 3506 317 3598 idque
346 3521 417 3574 ante
445 3507 526 3572 inter
554 3527 605 3570 eos
634 3518 700 3571 erat
729 3521 937 3590 conventum3
963 3509 1021 3575 iste
1042 3509 1083 3576 ob
1118 3522 1123 3529 '

102 3629 203 3696 officia
222 3653 275 3696 sua
295 3629 384 3709 rilia,
411 3639 441 3692 et
470 3623 599 3714 quidem
626 3629 788 3717 pecuniae·
799 3652 857 3719 ope
876 3630 1004 3697 intrarit
1023 3631 1082 3697 bei

130 3917 139 3952 ¹
159 3933 185 3981 p.
203 3913 281 3964 2600.
297 3910 335 3951 ’-
370 3912 556 3962 ²Examinarit
582 3913 736 3978 Vaughanus
760 3914 829 3976 Hb,
856 3916 927 3980 quod
952 3920 1034 3968 exstat
1061 3919 1088 3966 io

166 3997 231 4050 nibt.
250 3995 325 4048 bunt.
345 3993 417 4048 Corn
431 3997 501 4047 Trin.
518 3997 569 4049 rid.
589 3998 647 4049 Vol.
667 3999 688 4046 1.
707 4015 734 4063 p.
751 3998 812 4050 204.
834 4007 881 4051 not
896 4002 942 4052 30.
