2586 4718
617 330 659 392 93

200 552 403 621 Dominantur
438 545 564 613 omnino
593 541 631 607 'in
668 540 754 607 hisce
782 539 979 605 oratiunculis
1006 537 1124 626 patriae

153 696 261 754 amor,
285 670 375 737 ardor
395 665 572 746 libertatis,
591 663 665 754 justi
693 675 725 727 et
744 662 835 751 aequi
855 681 979 738 sensus,
1004 657 1127 726 odium·

152 817 214 884 que
248 792 391 858 adversus
420 786 640 876 despotismum
669 783 830 874 papalem:
866 779 973 846 festive
1000 779 1126 858 omnia,

156 912 287 980 subinde
316 909 453 989 ironice,
487 893 685 997 proferuntur
697 953 706 985 ,
735 901 983 994 argumentisque
999 899 1129 965 'confir-

27 1099 28 1103 ,
155 1047 302 1114 mantur,
321 1030 421 1097 ductis
441 1039 487 1094 cx'
494 1026 617 1117 juribus
629 1039 668 1091 et
687 1020 961 1090 consuetudinibus
978 1020 1108 1110 dagliae
1119 1065 1131 1100 ,

115 1121 117 1126 Ι
158 1166 250 1244 atque
278 1125 394 1219 codiee
424 1171 521 1217 sacro.
576 1147 745 1236 Postquam
773 1156 876 1210 autem
894 1143 963 1208 illos
980 1141 1128 1208 Dominus

156 1273 318 1362 loquentes
337 1267 522 1350 introduxit,
550 1268 594 1334 sic
613 1267 771 1333 Wioliffus
791 1286 878 1331 suam
894 1260 1052 1330 concludit
1068 1260 1133 1329 dis·

33 1380 40 1386 ’
157 1393 371 1482 putationem:
398 1389 513 1454 »Ideo
524 1389 710 1478 probatur,
730 1391 801 1452 uisi
821 1386 934 1451 doctor
936 1383 1133 1475 probaverit

157 1513 243 1576 mitt
251 1559 261 1592 ,
280 1519 395 1576 eontra
415 1513 561 1575 rationes
570 1509 786 1574 Bomiuorum
795 1506 962 1598 Angliae,
980 1508 1133 1570 rotmaro·

158 1635 320 1697 dt'litatem
339 1632 434 1695 illatas
452 1595 654 1696 conditdonis
672 1633 861 1719 expositae,
881 1631 971 1694 ratio
987 1630 1052 1693 itta
1069 1650 1133 1691 aton

157 1756 285 1818 militat
302 1760 419 1819 contra
436 1750 608 1840 justa'ta'am
628 1751 758 1843 domini
776 1748 884 1841 Regis
901 1751 1033 1828 nostri,
1053 1747 1115 1812 sed
1123 1796 1133 1827 ,

159 1877 192 1938 ea'
208 1896 272 1939 aaa
281 1874 397 1962 fallor
408 1923 417 1955 ,
438 1882 514 1939 onte
532 1872 637 1954 diem„
657 1874 693 1937 ia
713 1895 776 1960 quo
795 1871 934 1936 cessabit
954 1872 1060 1935 omnis
1078 1890 1135 1932 ea·-

158 1998 268 2075 aotz'o,
299 2017 363 2058 non
390 1994 585 2079 rectifioabit
616 1988 800 2077 (monachus
818 1989 913 2074 iste),
941 1988 1030 2078 quod
1056 1989 1135 2054 haee

155 2115 303 2182 conditio
313 2115 430 2201 fuerat
448 2111 662 2177 rationabilis
680 2119 711 2175 et
728 2110 899 2178 honesto.‘’

205 2351 319 2418 Utrum
338 2372 411 2417 vero
430 2351 557 2417 Domini
577 2349 704 2441 quidam
725 2373 832 2441 reapse
847 2350 926 2416 haec
941 2351 1037 2418 locuti
1055 2352 1134 2431 sint,

134 2562 137 2568 .
159 2493 239 2560 quae
257 2473 485 2562 eosloquentes
503 2470 598 2552 lecit,
623 2470 842 2540 dubitaverim.
870 2533 874 2540 ,
889 2470 995 2537 Potius
1009 2476 1076 2536 rem
1092 2473 1136 2538 sic

157 2590 236 2657 mihi
263 2614 415 2682 propono.
458 2591 616 2659 Wicliffus
640 2592 674 2657 in
698 2591 757 2659 hac
777 2590 983 2682 disputatione
1000 2591 1135 2682 propriis

152 2712 260 2778 ¹verbis
285 2713 464 2801 enuntiarit·
481 2712 670 2793 sententias,
694 2735 797 2802 quae,
822 2711 905 2801 quod
924 2711 963 2777 ad
984 2735 1134 2794 summam

156 2829 285 2912 attinet,
301 2855 317 2896 a
337 2832 489 2898 nonnullis
504 2844 628 2915 eorum,
650 2835 705 2923 qni
723 2834 929 2900 Parliam'ento
945 2833 1133 2914 interfuere,

156 2963 244 3017 erant
262 2952 421 3041 prolatae3
448 2964 677 3042 atquesquum
698 2953 767 3019 illae
786 2954 878 3020 simul
897 2976 951 3020 sua
971 2954 1066 3042 ipsius
1081 2977 1132 3020 es·

157 3084 223 3136 sent
251 3071 386 3161 placita,
419 3069 501 3135 hanc
528 3071 680 3160 optimam
698 3095 807 3138 causae
826 3071 962 3161 agendae
981 3072 1133 3138 rationem
1158 3049 1164 3058 x

155 3189 360 3270 existimarit,
378 3190 403 3255 si
418 3187 588 3269 monacho,
609 3191 710 3280 ipsum
720 3191 917 3280 provocanti,
933 3190 1132 3281 responderet
1175 3236 1178 3241 >

157 3309 194 3376 iis
214 3308 402 3399 argumentis
415 3350 428 3388 ‚·
446 3308 557 3397 quibus
568 3357 579 3389 ,
608 3309 761 3374 tributum
789 3309 890 3398 Papae
917 3308 1133 3399 denegandum

149 3404 716 3511 >esse,affirmaveratParliamentum.
744 3426 853 3517 ltaque
863 3428 1019 3497 Wicliffus
1030 3433 1061 3497 in
1073 3432 1132 3500 hoc

146 3570 304 3638 ‚responso
322 3551 468 3641 expressit
482 3551 678 3640 popularium
696 3545 820 3617 snorum
834 3549 894 3616 hoe
908 3564 1048 3644 tempore
1063 3556 1132 3645 opi·
1157 3561 1169 3579 ⁸

159 3668 265 3762 niones
286 3667 329 3734 de'
342 3671 525 3757 auctoritate
552 3670 679 3761 papali,
704 3661 812 3737 eorum
830 3670 979 3755 maxime,
1001 3675 1055 3763 qui
1072 3697 1130 3763 po·
1233 3713 1235 3717 ν
1262 3712 1264 3717 ·

160 3789 269 3880 pulum
287 3791 568 3879 repraesentabant.

193 3884 407 3976 *Admiramur
436 3912 546 4001 utique
574 3909 634 3978 hao
661 3911 693 3975 in
721 3912 811 3977 causis
836 3911 895 3976 riri
923 3911 1130 3999 integritatem
1188 3985 1189 3988 Ἴ
1248 3919 1249 3923 ’

157 4031 315 4122 animique
334 4031 570 4109 fortitudinem,
589 4032 644 4124 qui
662 4044 757 4100 semet
781 4032 882 4123 ipsum
901 4053 964 4098 non
981 4032 1129 4122 respexit,
