2586 4718
634 275 695 336 198

180 489 420 581 Repingdonus,
449 500 481 553 et
510 484 679 556 Ashtonus.
735 483 928 551 Sententiam
957 485 997 552 de
1023 486 1171 559 thesibus

179 611 331 678 damnatis
369 606 570 696 interrogati,
610 605 780 696 petebant,
819 618 853 671 nt
896 606 1018 673 illarum
1053 631 1169 677 exeru-

178 731 264 823 plum
290 729 355 797 sibi
381 728 555 794 traderetur
582 727 774 817 liceretque,
799 749 861 792 uno
886 725 925 792 ad
945 729 1169 820 meditandum

178 873 320 918 concesso
349 847 422 928 die,
452 848 636 914 sententiam
661 846 701 912 de
721 846 832 912 iisdem
852 848 968 939 scripto
986 853 1164 926 mandare:

177 969 334 1039 Ashtonus
362 992 434 1036 rero
462 969 523 1036 boc
549 968 734 1059 recusabat,
761 982 793 1036 et
823 970 971 1037 continuo
989 971 1029 1037 ad
1049 998 1167 1064 qnaes-

177 1094 278 1160 tiones
306 1089 494 1182 respondere
522 1103 649 1180 paratus
677 1113 741 1156 esse
760 1089 935 1160 ridebatur.
984 1094 1088 1178 Quum
1111 1109 1170 1164 ta-

173 1236 245 1279 men
267 1235 340 1278 eum
360 1212 607 1300 interrogarent,
627 1212 820 1301 propositum
842 1212 902 1278 sibi
921 1234 984 1287 esse
1004 1214 1158 1300 dicebat,

176 1332 308 1401 tacendo
337 1331 531 1398 dissimulare
558 1354 642 1398 snam
672 1333 867 1402 sententiam.
915 1334 975 1400 Die
1004 1340 1047 1402 20
1071 1338 1171 1406 Junii

177 1453 380 1522 Herclordiua
406 1465 437 1518 et
465 1451 688 1543 Repingdonus
716 1475 860 1542 responsa
890 1454 1056 1523 tradebant
1080 1481 1169 1527 eou-

177 1577 272 1655 cilio,
304 1577 336 1640 in
366 1573 500 1665 quibus,
528 1574 666 1664 ipsorum
690 1572 919 1662 quodammodo
938 1579 1072 1667 expositi
1093 1603 1169 1646 seu·
1238 1580 1239 1586 '

176 1695 276 1764 tiendi
305 1695 446 1776 ratione,
476 1694 587 1760 assensi
616 1706 685 1759 sunt
698 1741 709 1773 ‚
737 1693 840 1760 theses
864 1696 936 1762 istas
960 1698 1074 1787 partim
1097 1723 1168 1769 esse

174 1818 367 1899 haereticas,
395 1818 512 1907 partim
532 1837 695 1894 erroneas,
715 1828 746 1880 et
765 1838 818 1894 se,
837 1817 886 1882 rel
904 1818 937 1882 in
958 1815 1093 1903 sobolis,
1115 1826 1168 1890 rel

74 2003 75 2009 ,
179 1943 211 2007 in
234 1926 454 2019 sermonibus,
477 1961 534 2030 eas·
548 1958 687 2026 unquam
706 1934 845 2002 docuisse
865 1952 1014 2027 negarunt
1026 1947 1054 2010 ¹.
1102 1943 1169 2011 Mi.

177 2064 290 2127 tiorem
327 2074 431 2125 autern
461 2063 492 2124 in
522 2071 643 2148 partem
674 2080 740 2128 sues
771 2059 935 2124 sententias
964 2060 1168 2151 interpretati

178 2204 243 2247 esse
263 2179 407 2246 ridentur
417 2226 428 2258 ‚
447 2177 622 2266 callideque
641 2176 685 2243 sic
696 2176 819 2266 judices
835 2176 983 2267 deludere
999 2181 1168 2260 studuisse.

178 2301 268 2387 Quod
295 2315 398 2368 tamen
423 2299 460 2364 iis
479 2322 541 2364 non
560 2298 672 2379 cessit3
694 2320 766 2363 nam
788 2297 929 2367 doctores
949 2325 966 2366 a
988 2288 1169 2374 Courtuaeo

177 2425 299 2514 rogati,
337 2421 413 2512 quid
448 2420 508 2487 sibi
542 2417 581 2485 de
614 2419 858 2509 expositionibus
891 2421 953 2509 illis
984 2421 1168 2508 videretur,

179 2566 284 2611 omnes
312 2542 477 2621 dixerunt,
508 2562 571 2606 esse
600 2547 658 2607 eas.
680 2528 822 2630 exiguas]
849 2539 989 2625 dolosas,
1008 2544 1071 2611 imo
1091 2568 1168 2614 rero

176 2665 360 2737 haereticas.
409 2660 520 2733 Moniti
547 2673 735 2750 propterea,
762 2674 796 2726 ut
824 2663 936 2752 plane,
951 2650 1027 2730 'sine
1047 2666 1167 2736 verbo-

178 2810 248 2853 rum
278 2784 471 2865 subtilitate,
499 2805 600 2871 neque
628 2780 815 2870 sophistice,
849 2786 1030 2852 sententiam
1054 2790 1167 2878 aperi-

177 2922 270 2989 rent,
308 2907 401 2974 ambo
434 2902 619 2995 respondere
654 2903 743 2969 aliter
771 2903 958 2987 noluerunt,
988 2931 1081 2996 quam
1110 2909 1167 2975 fe-

163 3041 285 3098 cerant
306 3039 347 3099 ².·
392 3029 479 3094 Tunc
515 3023 780 3115 Archicpiscopus
815 3039 948 3147 putans,
984 3029 1079 3095 tacite
1110 3051 1166 3097 eos

188 3183 495 3202 Μ

210 3261 219 3295 1
245 3257 414 3322 Knyghtonus
434 3245 582 3305 meuiornvil
603 3255 675 3305 binae
696 3257 887 3315 confessiones,
909 3273 984 3308 unum
1001 3258 1169 3322 Herelorffli,

242 3341 354 3394 Aahtoni
380 3341 503 3400 alterum,
531 3342 639 3404 Anglioe
664 3343 774 3406 scriptas
801 3347 827 3389 et
853 3343 964 3393 coucilib
984 3344 1025 3393 die
1045 3345 1075 3392 19
1098 3343 1173 3395 Junii

243 3425 377 3476 exhibitas.
406 3442 432 3489 p.
459 3426 528 3474 2655
547 3443 586 3489 aq.
625 3426 656 3474 In
673 3424 797 3474 biscede
819 3432 978 3476 sacramento
996 3428 1173 3480 Eucharistiae

242 3510 389 3575 disputatur
413 3513 442 3558 'et
459 3510 587 3565 Ecclesiae
604 3509 652 3559 hao
673 3509 704 3559 de
725 3525 752 3558 rc
770 3509 886 3559 doctrina
905 3511 1061 3563 defenditur.
1099 3513 1175 3564 lieet

243 3600 328 3645 tamen
351 3596 468 3646 dubitare
485 3597 669 3646 de'eurundem
690 3595 842 3653 anthemii,
863 3601 890 3645 et
908 3598 1001 3646 multos
1015 3597 1118 3661 quidem
1136 3599 1173 3648 ob

243 3695 339 3730 causac.
376 3681 416 3731 ct.
444 3679 577 3742 Vaugbuu·
604 3680 663 3730 vot.
692 3679 730 3728 ΙΙ.
755 3696 781 3744 p.
810 3679 866 3739 89„
896 3681 938 3729 cui
958 3682 1026 3731 baud
1043 3682 1174 3732 immerito

242 3767 334 3816 mirum
357 3764 475 3822 videtur,
496 3764 553 3813 illae
572 3764 598 3813 in
616 3766 733 3828 Regiatro
753 3767 897 3831 Courleney
913 3784 966 3817 non
986 3784 1040 3818 esce
1056 3783 1173 3818 enacara-

242 3855 291 3900 tas.
312 3877 343 3888 -
361 3848 423 3900 vid.
445 3848 533 3898 Lewia.
554 3865 579 3912 p.
599 3849 652 3900 209
670 3866 709 3912 sq.
904 3909 907 3913 ⁴

209 3939 220 3976 ²
236 3933 462 3996 >Walaingbumun
469 3949 522 3982 rem
540 3935 577 3982 aio
599 3933 710 3984 narrarit
720 3951 732 4002 a
739 3959 771 3970 -
782 3951 798 3982 n
809 3934 910 3985 tandem
919 3940 978 4002 post
988 3936 1081 3990 multae
1091 3936 1174 4000 tergi·

247 4019 421 4076 versationes,
450 4018 605 4084 imponendo
628 4019 757 4085 duplicem
777 4036 878 4072 sensum
897 4023 924 4071 in
944 4022 1058 4083 eisdem,
1078 4026 1107 4073 et
1127 4039 1174 4074 cu·
