2586 4718
648 280 713 364 aio

193 553 196 557 ·
232 514 272 583 ln
288 515 374 582 bisce
391 510 542 580 Lollardir
558 513 677 604 pietate
697 525 729 581 et
748 497 978 604 perseverantii
993 535 1068 605 prae
1087 537 1171 583 cae·

188 638 261 705 teris
279 634 411 702 eminuit
430 633 613 700 Guilielmus
634 632 810 724 Thorpius,
831 656 866 699 ex
885 632 993 700 eidem
1013 635 1173 705 oriundus

186 756 357 849 parochiis,
391 755 424 818 in
453 755 514 843 qui
541 765 631 819 natus
649 754 711 850 init
729 753 889 821 Wicliffus
900 804 911 837 ,
936 776 1094 845 quocum,
1120 759 1173 824 uti

188 890 219 945 et
257 898 328 943 cum
362 874 469 941 amicis
503 872 641 962 ejusdcm
676 873 708 939 ia
740 874 947 941 Universitate
975 874 1170 960 Oxoniensi,

188 1019 333 1087 magnam
353 994 497 1061 habuisse
511 992 641 1061 'ridetur
658 993 915 1065 familiaritatem.
1017 1044 1022 1050 .

136 1231 137 1234 ¹
185 1212 190 1220 .
233 1234 325 1305 Haud
356 1258 428 1302 sane
451 1237 567 1302 mirum
584 1248 652 1318 est,
676 1235 845 1327 Ilpiscopos
862 1249 894 1303 ct
914 1237 1050 1327 reliquos
1069 1237 1172 1306 cleri-

188 1381 256 1439 cos,
276 1357 446 1425 Ecclesiam
461 1357 657 1424 Pontificiam
674 1359 813 1424 stabilire
828 1359 1005 1448 cupientes,
1022 1352 1175 1428 restitisse

188 1478 296 1546 studiis
324 1492 357 1546 et
384 1478 600 1546 conaminibus
621 1479 876 1560 Wicliffitarum,
894 1480 950 1569 qui
973 1502 1085 1570 magno
1099 1483 1172 1571 jam

186 1622 316 1666 numero
349 1600 409 1666 illis
437 1599 632 1688 temporibus
659 1601 693 1664 in
721 1601 833 1691 Anglia
860 1600 1068 1675 habebantur.
1129 1603 1174 1670 Ilt

188 1723 285 1811 majus
313 1741 437 1810 quoque
466 1719 607 1809 qnotidie
633 1733 701 1786 erat
727 1722 903 1811 periculum
916 1773 925 1804 ,
952 1744 993 1786 ne
1012 1723 1119 1813 plures
1137 1723 1173 1789 in

187 1865 255 1910 suas
273 1838 432 1908 traherent
450 1853 553 1932 partes
572 1853 604 1907 et
621 1841 665 1908 sic
685 1840 811 1907 tandem
830 1844 932 1934 Papae
946 1843 978 1908 in
994 1842 1171 1909 Ecclesiam

188 1964 391 2052 Anglioanam
409 1963 626 2029 anctoritatem
645 1984 768 2052 prorsus
787 1977 971 2034 everterent.
1010 1963 1174 2054 Imprimis

187 2097 293 2150 autem
321 2083 382 2148 illis
408 2105 440 2148 se
470 2082 668 2173 opponebant
697 2084 806 2153 fratres
833 2083 1065 2152 Mendioantcs:
1097 2107 1174 2151 nom

186 2201 222 2270 hi
234 2210 250 2284 ,'
264 2216 300 2270 ut
320 2213 447 2269 testatur
467 2201 690 2290 Knyghtonus‚
712 2228 805 2297 »per
823 2209 966 2284 istorum
983 2206 1175 2272 doctrinam

186 2333 217 2392 et
245 2325 507 2390 exhortationem
528 2325 607 2418 'illis
626 2325 741 2391 diebus
759 2331 854 2392 eaosi
871 2330 985 2392 malta's
1005 2326 1174 2408 habeban-

188 2455 245 2512 tur
256 2469 268 2524 ;
279 2458 285 2471 ⁴
298 2453 329 2512 et
351 2444 411 2512 W
404 2447 575 2533 yctyva'ani
584 2494 596 2526 ,
615 2469 657 2512 ca
675 2470 712 2513 co
730 2448 932 2516 audaciores
950 2444 1172 2536 iadeeffeati,

184 2569 408 2634 innitebantur
436 2576 587 2634 avertere
614 2573 728 2660 magis
754 2573 881 2635 animos
901 2569 1103 2658 populorum
1127 2568 1172 2633 ab

187 2691 259 2768 eis,
284 2695 316 2753 et
338 2691 429 2779 ipsos
449 2689 635 2782 -a'mpedire,
652 2711 693 2753 aa
704 2689 999 2779 praedicarent-et
1016 2709 1058 2752 oe
1076 2688 1181 2754 meas&

186 2809 359 2889 diearent,
387 2818 594 2889 asserentes,
621 2816 690 2872 tam
715 2807 854 2889 dantes,
882 2831 982 2898 quam
1000 2811 1173 2898 accipiete-

187 2939 258 3012 tes,
285 2953 356 2997 esse
382 2932 698 3008 excommunicatos,
727 2929 790 2994 sed
809 2951 864 2995 eos
882 2931 999 2997 debere
1014 2951 1171 2996 maneam

188 3053 321 3134 labore,
355 3074 444 3118 more
476 3049 633 3141 Apostoli
655 3048 784 3131 Pauli,
812 3055 931 3117 uictum
960 3060 992 3116 et
1018 3052 1173 3116 υσείἰέιιπι

188 3174 390 3266 adquirere”
404 3180 431 3242 ¹.
468 3172 635 3259 Propterea
652 3169 798 3236 monachi
819 3171 887 3253 isti,
906 3184 937 3238 et
952 3170 1060 3241 ¹clerici
1075 3171 1173 3236 ctiam
1274 3197 1285 3207 ⁸

190 3295 245 3362 alii
272 3291 357 3360 haud
387 3290 479 3384 pauci
491 3336 503 3370 ‚
523 3289 567 3354 nil
592 3311 655 3355 non
683 3290 914 3373 moliebantur,
949 3304 985 3358 ut
1009 3289 1173 3376 wictim-

254 3531 303 3590 lis,
326 3526 455 3576 Lewiaiua.
473 3543 499 3591 p.
515 3528 660 3584 175-231.
670 3554 677 3599 3
688 3536 849 3601 Vaughnnuc.
868 3537 926 3590 vor.
940 3538 974 3586 Π.
987 3555 1013 3604 p.
1026 3537 1176 3591 rocam.

255 3615 288 3662 Le
316 3614 371 3660 Bas.
399 3627 425 3675 p.
448 3611 595 3666 aue-407.
612 3643 642 3654 -
662 3621 824 3670 Monumentn
843 3621 968 3683 quaedam
988 3621 1061 3671 valde
1078 3639 1181 3672 merno-

253 3697 342 3748 rabilia
372 3695 545 3747 bollardorum
570 3717 651 3767 nuper
676 3703 744 3752 edita
767 3708 827 3751 sunt
849 3703 956 3753 bandini
983 3722 997 3755 a
1028 3707 1178 3770 societate,

255 3799 321 3847 quaa
340 3781 435 3830 dicitur
456 3784 500 3834 tlte
517 3785 655 3851 Religioua
679 3787 760 3836 Treui
776 3787 908 3852 Societas,
930 3782 1024 3838 tilulo:
1047 3789 1181 3858 Writa'arpe

253 3867 309 3917 uad
332 3863 538 3918 raamraaaam
566 3871 601 3934 of
620 3870 726 3931 Brute,
758 3871 879 3936 Thorpa,
907 3872 1039 3932 Gabbam,
1059 3873 1179 3938 Hiltoa,

256 3948 372 4085 1)εοῖοέζὲ
393 3949 508 4020 Bilauy,
529 3955 585 4006 aad
601 3955 708 4018 otbmf
729 3957 796 4008 saitis
813 3961 858 4008 tte
876 3957 999 4011 Luatera
1016 3960 1051 4027 as
1061 3959 1158 4025 trote.

179 4037 284 4101 ·¹p.
373 4066 412 4085 ,.
501 4071 506 4079 .
