2586 4718
579 360 621 419 17.

108 575 249 666 spicitur.
272 573 276 580 ’
296 572 367 662 Ipsa
388 569 515 660 quidem
536 570 691 638 dominari
709 569 811 637 ubivis
830 569 974 638 studebat
993 584 1088 663 atque

92 694 265 773 ,uindicare
283 692 502 760 auctoritatem
522 679 609 758 suam
628 693 827 781 famamque,
857 690 910 758 sed
936 691 996 757 hac
1021 694 1086 783 ipsi
1187 712 1190 722 '

84 839 88 845 “
107 815 288 898 dominandi
307 813 462 894 libidine,
479 836 558 902 quae
579 815 739 902 tyrannica
759 814 824 879 fere
843 827 931 895 erat,
953 827 983 881 et
1003 814 1088 880 abu·

107 939 191 1005 sibus
221 939 387 1025 vitiisque,
421 957 501 1025 quae
531 936 564 1001 in
583 937 681 1025 ipsam
702 936 889 1026 irrepserant
908 937 1083 1025 permulta,

106 1058 213 1125 odium
233 1058 294 1124 sibi
314 1070 477 1148 pepererat
496 1057 720 1148 gravissimum.
764 1055 909 1147 Oppositi
930 1057 1085 1124 Ecclesiae

107 1191 192 1244 erant
225 1180 257 1243 in
288 1178 378 1243 variis
398 1177 577 1266 regionibns
592 1176 674 1242 bene
690 1176 804 1258 multi,
827 1179 885 1243 alia
908 1191 1000 1267 atque
1020 1178 1086 1268 ipsa

55 1276 58 1285 i
106 1300 291 1378 sentientes,
315 1297 431 1387 quique
448 1297 544 1362 fidem
561 1296 909 1363 Romano-catholicam
928 1315 1087 1387 oppugna·

105 1419 191 1486 bant.
239 1419 394 1507 Frangere
423 1417 551 1508 quidem
573 1419 605 1484 ri
625 1431 655 1484 et
675 1419 775 1507 rigore
793 1416 956 1483 audaciam
976 1418 1087 1485 borum

19 1557 21 1560 ’
104 1540 272 1607 conabatur
303 1539 356 1604 illa
368 1587 378 1620 ,
411 1538 464 1605 sed
494 1541 617 1608 frustra.
666 1538 837 1605 Hominum
858 1561 988 1628 corpora
1007 1561 1088 1606 con-

104 1684 243 1728 cremare
264 1661 388 1751 potuit,
410 1662 539 1728 meliora
564 1684 653 1743 uero,
673 1683 753 1752 quae
774 1660 904 1728 excitata
926 1675 1013 1729 erant
1033 1685 1089 1753 per

101 1782 295 1863 haereticos,
321 1782 423 1849 studia
454 1784 645 1874 exstinguere
676 1805 737 1850 non
759 1783 872 1873 potuit.
938 1781 1088 1852 Videmus

103 1906 198 1994 igitur
221 1906 281 1973 illis
302 1907 498 1996 temporibus
518 1907 761 1973 commotionem
781 1904 938 1994 quandam
960 1906 991 1970 iu
1013 1907 1089 1971 orbe

57 2089 61 2097 .
105 2026 302 2106 Christiano,
333 2049 413 2114 quae
434 2023 782 2111 laetiorem‘aliquando
803 2037 938 2089 aetatem
956 2027 1088 2114 religio-
1160 2045 1162 2051 '

99 2148 133 2212 ni
166 2146 343 2237 praesagire
376 2143 559 2212 ridebatur:
597 2145 700 2210 lucem
729 2144 885 2239 quandam
915 2145 946 2212 in
985 2147 1088 2213 medii

103 2265 235 2355 caligine
246 2313 256 2345 ,
283 2285 362 2355 quae
393 2264 550 2330 Ecclesiae
579 2277 646 2331 erat
664 2264 783 2346 offusa,
804 2238 946 2332 obortam
966 2269 997 2332 in
1018 2269 1087 2333 Eu-

99 2388 176 2476 ropa
192 2384 407 2466 meridionali,
428 2387 539 2468 ltalia,
560 2399 591 2452 et
610 2386 728 2466 Gallia,
748 2398 842 2474 atque
861 2386 1089 2475 sediffunden·

99 2519 162 2572 tem
183 2483 388 2573 Occidentem
407 2528 521 2575 versus.
931 2493 937 2506 ’

147 2623 211 2693 Sed
239 2627 288 2692 rel
314 2626 357 2692 sic
380 2639 485 2691 tamen
505 2647 545 2691 ne
564 2625 793 2707 existimemus,
815 2626 928 2693 horum
948 2628 1087 2696 virorum

102 2743 277 2835 harumque
294 2746 483 2811 familiarum
500 2745 663 2812 conatibus
681 2747 814 2814 fractam
827 2753 894 2839 jam
914 2750 1086 2817 fuissello-

100 2865 224 2931 clesiam
251 2866 395 2933 Latinam
414 2879 444 2932 et
465 2889 565 2957 paene
587 2865 778 2938 dissolutam.
829 2870 957 2954 Quantis
977 2885 1085 2938 contra

96 2986 238 3067 uiribus,
274 3000 450 3077 quantoque
481 2986 593 3053 robore
623 2989 738 3054 ualeret
762 2989 855 3054 etiam
878 3003 952 3056 tuno
975 2992 1085 3058 Eccle-

98 3109 142 3205 sia
170 3108 357 3189 Pontificio,
389 3107 464 3172 hinc
491 3107 635 3197 colligere
655 3118 838 3206 possumus,
861 3111 943 3200 quod
963 3113 1029 3202 ipsa
1048 3136 1084 3180 er

99 3228 268 3294 certamine
288 3251 360 3294 oum
380 3226 610 3294 haereticorum
629 3229 728 3317 copiis
746 3230 885 3317 superior
904 3234 1015 3312 evasit,
1033 3247 1083 3315 et,

100 3349 204 3416 inritis
224 3346 463 3440 quibuscunque
479 3347 731 3438 impedimentis,
747 3350 902 3430 motibus,
920 3353 1083 3446 turbisque
1127 3335 1132 3341 .
1211 3386 1217 3400 ¹

100 3470 305 3556 gravissimis,
326 3493 383 3561 per
403 3468 465 3535 duo
485 3470 581 3534 etiam
599 3467 720 3534 saecula
731 3466 894 3546 dominata
910 3470 942 3537 in
960 3474 1085 3566 Europal
1147 3544 1149 3548 ,

96 3600 157 3656 est.
192 3590 292 3671 Aliis,
310 3592 410 3681 iisque
428 3587 666 3670 efficacioribus,
686 3612 763 3680 opus
783 3603 848 3656 erat
864 3592 974 3659 studiis
989 3574 1082 3661 eleo·

101 3703 280 3778 naminibus
308 3711 347 3776 ad
379 3711 551 3801 evertenda
570 3709 772 3800 Hierarcbiae
801 3712 1026 3795 fundamenta,
1052 3728 1083 3781 et

100 3831 321 3913 instauranda,
355 3857 425 3900 oum
456 3833 650 3914 doctrinam,
683 3847 748 3900 tum
779 3857 863 3900 sacra
894 3834 1081 3907 Christiana.

26 4041 28 4044 Α
99 3953 211 4044 Neque
232 3952 397 4055 defuerunt
421 3957 484 4026 itta.

150 4073 276 4141 Etenim
305 4076 427 4143 saeculo
454 4077 531 4147 xlv
557 4078 590 4144 in
614 4076 739 4168 Europa
766 4075 963 4145 Occidentali
988 4078 1086 4145 relor-
1140 4176 1141 4179 Ἴ

425 4196 427 4201 “
859 4208 871 4245 2
