2586 4718
645 328 709 388 236

176 550 256 608 anno
286 541 371 606 138³
384 585 396 620 ,
426 537 598 628 Episcopus
625 558 698 604 oum
725 536 879 603 militibus
910 559 1003 631 cruce
1031 538 1163 628 signatis

103 667 104 671 ’
146 661 150 671 ’
176 661 318 730 Galetum
337 657 523 739 advehitur,
542 657 652 749 ibique
670 655 864 748 aliquamdiu
880 671 1033 729 moratur.
1078 661 1163 727 Gui-

175 784 282 852 lielmo
310 803 381 849 vero
409 778 448 845 de
475 779 563 846 Bello
591 775 709 869 Campo
735 800 800 845 non
825 776 1030 859 adveniente,
1056 793 1162 848 castra

106 939 108 943 Δ
173 904 226 971 ille
244 924 369 969 morere
387 901 476 992 eupit
494 911 590 990 atque
609 920 772 968 excurrere
792 899 825 964 in
841 898 918 967 fines
933 897 1162 985 Flandrorum,

175 1025 229 1114 qui
249 1024 329 1113 regis
349 1021 468 1089 Galliae
486 1021 634 1111 potestati
653 1033 728 1088 tunc
745 1032 834 1087 erant
852 1021 1023 1111 subjecti1.
1067 1023 1163 1110 Quod

174 1143 228 1211 alii
245 1143 335 1210 valde
353 1139 591 1210 dissuadebant:
613 1164 686 1207 nam
705 1153 771 1208 erat
790 1139 966 1232 Spencerus
981 1141 1163 1210 aduentan-

176 1265 252 1331 dum
280 1264 391 1330 melius
419 1262 594 1343 animatus,
619 1285 713 1352 quam
731 1275 868 1352 paratus.
893 1337 896 1345 Ι
916 1263 1001 1331 Dixit
1019 1264 1049 1330 ei
1067 1264 1164 1355 Hugo

176 1384 216 1454 de
247 1382 421 1478 Galrerlio,
450 1383 540 1450 miles
568 1384 601 1448 ia
629 1382 723 1449 armis
750 1383 1040 1465 exercitatissimus,
1058 1385 1166 1475 injus-

174 1519 242 1573 tum
271 1528 358 1586 esse,
383 1506 503 1570 irruere
522 1503 556 1568 in
575 1503 728 1571 ditionem
747 1502 880 1572 Comitis
901 1504 1090 1588 Flandriae,
1110 1507 1167 1572 ei-

174 1652 236 1721 que
252 1630 369 1698 bellum
385 1625 520 1707 inferre,
536 1625 592 1715 qui
606 1647 645 1691 ne
662 1625 792 1695 minimi
804 1625 932 1716 quidem
944 1648 978 1692 re
989 1626 1165 1697 oflenderat

175 1751 279 1842 regem
305 1747 457 1837 Angliae:
484 1745 686 1838 pugnandum
705 1769 777 1815 uero
797 1761 904 1815 contra
927 1745 1164 1832 Clementinos,
1217 1813 1222 1818 .

177 1885 285 1941 contra
304 1891 381 1961 quos
401 1868 479 1935 haec
493 1866 650 1958 expeditio
659 1871 747 1959 jussu
762 1870 865 1959 Papae
879 1869 1003 1938 Urbani
1017 1884 1166 1962 suscepta

176 2008 266 2076 erat3
297 2015 369 2059 cum
396 1991 457 2058 iltis
485 1989 603 2056 bellum
631 1991 805 2073 sibiesse,
826 2013 886 2057 non
908 2013 980 2057 curn
999 1991 1166 2076 Illandris,

178 2116 256 2207 qui,
275 2114 322 2181 uti
341 2125 373 2180 et
392 2135 500 2179 eorum
522 2108 632 2179 (lomes
643 2161 654 2193 ,
674 2113 750 2179 boni
769 2135 833 2179 esse
852 2111 1038 2179 dicebantur
1057 2114 1166 2186 Urba·

175 2240 274 2305 nistae
290 2243 317 2304 2.
365 2232 430 2301 Sed
456 2233 650 2323 Spencerus‘,
679 2233 810 2322 flagrans
838 2232 979 2300 certandi
1007 2232 1193 2304 desiderio>

173 2372 208 2428 et
227 2354 401 2433 temeritate
419 2354 567 2445 insignis,
588 2367 695 2422 contra
714 2353 775 2421 hoo
793 2355 1069 2445 prudentissimum
1086 2379 1165 2424 eon·

176 2483 304 2562 silium,
338 2492 442 2546 erecto
477 2491 601 2546 sanetae
619 2477 735 2543 ‘crucis
768 2479 879 2544 rexillo
891 2528 901 2561 ,
930 2501 1065 2567 egressus
1100 2492 1162 2548 est.

94 2583 97 2594 l
179 2592 319 2672 Primum
348 2601 460 2666 urbem
490 2600 688 2667 Grarelinam
717 2597 878 2666 obsidione
909 2600 1059 2689 cingunt,
1082 2596 1166 2689 quae

178 2735 389 2816 expugnatur:
422 2734 490 2787 tum
519 2719 735 2787 Dunikerlram
768 2719 911 2790 tendunt.
959 2719 1087 2787 Flandri
1112 2720 1165 2787 in-

59 2866 61 2871 ·
178 2844 295 2925 terim,
324 2841 430 2908 mirati
458 2840 629 2930 bogiorum
659 2840 793 2906 subitam
815 2854 846 2907 et
866 2842 1007 2932 iniquam
1026 2841 1166 2908 invasio.

137 3049 143 3057 κ
177 2987 274 3047 nem,
303 2963 340 3029 iis
366 2960 490 3028 obuiam
518 2971 689 3040 venerunt,
712 2957 794 3030 duce
814 2961 963 3029 Bastardo
981 2960 1160 3049 illandriae.

178 3088 271 3156 Nunc
291 3098 413 3162 autern,
432 3080 652 3149 accedentibus
670 3081 810 3150 cominus
828 3087 972 3165 armatis,
994 3097 1165 3154 »rectores

145 3220 150 3231 ’
181 3222 213 3275 et
231 3207 361 3286 vicarii,
381 3228 457 3296 quos
476 3202 665 3270 beneficium
685 3203 885 3271 absolutionis
905 3184 1165 3296 illexerat,'peri·

180 3329 258 3394 culis
277 3325 421 3417 expositi,
442 3317 662 3414 gustaverunt,
681 3347 779 3414 quam
795 3323 894 3392 dulcis
909 3327 947 3393 sit
969 3324 1165 3417 domus'pro·

160 3423 273 3540 ,pria;
303 3444 449 3514 monachi
476 3459 508 3512 et
534 3445 676 3512 canonici
703 3459 931 3536 cognoverunt,
962 3470 1056 3538 quam
1080 3447 1165 3516 bona

184 3570 224 3636 sit
251 3566 451 3649 obedientia;
477 3567 588 3633 fratres
611 3566 823 3634 Mendicantes
842 3558 1023 3652 senserunt,
1048 3583 1167 3660 quanto

182 3688 279 3757 leuius
306 3689 346 3754 sit
372 3689 484 3778 stipem
509 3688 664 3778 postulare
688 3687 770 3755 inter
789 3700 878 3762 notos
896 3702 928 3756 et
946 3691 978 3756 in
998 3689 1165 3781 patrii’'³.

183 3872 497 3899 ,ΡΜ

215 3995 223 4026 1
249 3948 380 4038 Fioiaeart.
408 3961 443 4033 11ss
468 4002 495 4052 p.
521 3985 581 4035 218.
610 4014 640 4025 -
659 3987 670 4022 ²
691 3985 755 4034 lbid.
774 4014 808 4028 -·
827 3991 838 4026 ³
857 3990 1072 4054 Walsiugbarnut.
1095 3991 1168 4043 utre.

247 4072 324 4136 nnqt.
344 4085 368 4134 p.
387 4068 448 4119 300.
490 4115 505 4127 ,,
1026 4101 1031 4109 ·
1204 4063 1211 4069 ’
