2586 4718
620 287 623 291 ’
647 275 708 337 136

196 488 476 587 propositionibus
486 495 518 566 ²,
536 491 573 551 ut
590 485 711 550 dictum
729 490 795 563 est,
804 483 928 572 sonore
944 491 975 548 et
993 483 1186 576 diligantid

205 613 454 680 londinensium
472 606 592 672 delusit
610 597 686 670 suos'
704 607 965 683 examinatores,
986 605 1183 699 Epriscopcs

203 735 346 810 derisit,
376 737 407 792 et
435 731 553 795 wasit.
605 723 695 811 (issae
718 746 823 788 omnes
846 726 880 788 si
893 727 1094 814 simpliciter
1111 751 1181 793 ca-

202 859 362 945 perentur
387 847 559 914 secundum
585 845 712 910 modium
724 890 735 924 ,
760 866 823 934 quo
849 848 920 934 ipse
946 847 981 908 in
1000 845 1126 914 scholis
1143 857 1183 914 et

205 977 242 1037 iu
253 973 398 1062 publices
408 967 714 1058 praedicationibus
727 987 785 1029 eas
792 966 956 1056 protelet,
972 965 1181 1034 taeruicass

201 1092 322 1184 procori
346 1089 441 1155 dubio
467 1089 602 1178 sopruut
622 1088 840 1175 pravitatem.
892 1083 967 1150 Nou
992 1089 1076 1149 enim
1104 1090 1179 1152 cis·-

203 1212 464 1277 cumlocute‘onem
492 1208 641 1294 aliquam
667 1209 718 1269 eis
744 1207 940 1283 sntmissuit,
964 1205 1095 1292 quando
1117 1227 1180 1272 eus

204 1324 366 1396 laieorum
383 1327 519 1392 auribsts
538 1325 738 1404 instellant,
758 1323 819 1389 sed
835 1323 919 1388 nude
936 1333 967 1388 et
984 1333 1124 1416 aperte,
1140 1335 1181 1394 ut

198 1449 498 1541 praescribuntur,
518 1467 576 1510 eas
594 1420 739 1514 dooud.”
786 1445 872 1553 liaeo
891 1457 993 1511 antem
1013 1447 1107 1513 verbs
1127 1449 1180 1516 lu·

202 1573 313 1636 henter
345 1566 476 1657 arripuit
509 1564 681 1654 Lingardus
708 1565 741 1630 in
767 1564 900 1631 Wioiiffi
927 1567 1179 1651 accusationem,

200 1703 237 1756 ut
269 1689 302 1753 iu
336 1708 373 1753 eo
403 1683 547 1751 callidum
582 1683 790 1774 timidumque
823 1686 961 1751 animum
986 1687 1076 1753 nobis
1102 1679 1204 1779 pro-f

200 1776 330 1900 poneret
349 1815 376 1876 ².
431 1774 545 1891 Quodsi
573 1802 736 1871 historicus
762 1806 814 1871 ille
841 1819 983 1903 accurate
1008 1805 1099 1897 hujus
1130 1811 1178 1876 rei

202 1928 386 1995 documenta
415 1924 644 2014 investigasset,
671 1925 780 2015 procul
808 1923 927 2007 dubio,
955 1925 1039 2015 quod
1070 1949 1086 1991 s
1112 1927 1179 1997 fide

202 2050 268 2137 ejus
301 2058 475 2135 exspectare
509 2044 599 2110 nobis
631 2046 724 2125 licet,
751 2045 907 2135 judicium
937 2046 1052 2114 tulisset
1079 2050 1180 2140 magis

203 2189 309 2234 verum
345 2179 376 2232 et
399 2187 555 2254 aequm.
608 2165 708 2231 Nobis
740 2165 856 2256 igitur,
882 2178 917 2231 ut
943 2164 1024 2232 hanc
1053 2189 1179 2237 cauum

201 2288 329 2379 aequius
347 2285 520 2377 dijudicare
542 2306 708 2368 conemur,
728 2284 806 2352 haec
824 2297 893 2352 suut
914 2285 1114 2357 obseruanda.

250 2407 452 2498 Undeviginti
480 2406 551 2472 iliae
580 2403 697 2486 theses,
733 2428 813 2496 quae
847 2403 885 2470 ad
915 2429 1068 2473 summum
1095 2409 1181 2475 Pon·

205 2528 322 2594 tifioem
363 2537 451 2591 erant
486 2526 616 2605 missae,
648 2549 709 2592 uon
737 2525 951 2616 exprimebant
977 2527 1074 2616 ipsam
1101 2528 1181 2596 Wi-
1233 2609 1236 2616 1

207 2647 282 2714 stiffi
314 2645 353 2712 de
385 2645 565 2711 Hierarohisi
598 2645 759 2715 sentiendi·
778 2647 941 2715 rationem.
999 2646 1124 2715 Etenim
1152 2650 1182 2718 si

208 2769 396 2859 exploremus
416 2766 554 2847 libellos,
570 2791 664 2856 quos,
687 2779 721 2831 ut
737 2765 850 2854 placite
861 2789 913 2831 sua
924 2768 1183 2857 interpretaretur

208 2902 239 2954 et
262 2889 445 2968 illustrarat,
470 2886 600 2955 tradidit
617 2899 648 2951 et
666 2885 888 2974 Episcoporum
906 2888 1037 2988 concilio
1055 2900 1087 2955 et
1103 2890 1184 2964 Bar·

205 3011 371 3089 lismonte,
389 3008 420 3074 iu
438 3006 488 3075 his
511 3004 703 3073 documentis
723 3005 883 3072 nonnullas
901 3027 936 3071 ex
956 3006 1092 3075 thesibus
1112 3008 1182 3078 istis

237 3295 248 3330 ¹
274 3292 305 3341 ld
324 3296 380 3344 est:
398 3293 434 3342 its
451 3294 536 3351 theses
552 3308 610 3342 stass
627 3295 771 3359 explicans,
789 3299 819 3344 ut
835 3294 916 3347 bouus
930 3298 961 3347 iis
979 3299 1075 3349 inesset
1086 3314 1187 3352 sensus.

236 3377 248 3412 ¹
278 3376 362 3427 Tisere
384 3377 428 3435 is,
456 3377 511 3437 sit,
539 3391 633 3427 reason
659 3387 686 3430 tc
712 3381 826 3439 battere,
856 3385 914 3432 tint
942 3385 986 3432 ste
1001 3400 1060 3434 sssss
1075 3383 1188 3449 sporus
1215 3420 1220 3426 ·

268 3476 324 3514 eoas
344 3462 376 3510 irs
394 3474 428 3508 rso
449 3460 523 3508 toste
543 3466 569 3511 tc
586 3477 666 3528 prosp
687 3465 731 3513 tite
751 3481 839 3514 erosass
856 3467 890 3532 os
902 3469 1075 3530 martyriam.
1095 3493 1130 3506 -
1148 3468 1189 3519 us

268 3545 331 3593 tiseos
352 3543 477 3607 proceeds
504 3547 531 3590 tc
555 3547 644 3612 notice
668 3549 713 3597 ttse
737 3544 844 3598 secerni
867 3553 1066 3614 propositione,
1095 3553 1187 3603 seticis

167 3624 169 3629 ’
269 3629 302 3679 ts
327 3626 464 3690 captatus,
493 3627 635 3694 qualitas,
657 3630 712 3682 and
728 3634 857 3698 dsfsrsdss
875 3635 922 3683 tut
940 3637 1136 3701 occasionslty,
1158 3645 1188 3690 to

266 3713 369 3774 impert
397 3714 423 3758 tc
450 3712 521 3760 tiseos
546 3718 693 3780 constitisse
722 3717 775 3766 tros
801 3733 818 3766 a
842 3720 963 3770 reticeat
985 3723 1129 3785 incontra,
1158 3724 1188 3776 is

268 3793 412 3857 compellet
428 3800 454 3843 tc
469 3797 544 3845 matrs
558 3814 605 3847 uss
618 3801 652 3865 of
661 3800 777 3864 quttttss
790 3803 847 3849 ond
860 3807 994 3865 suasione,
1014 3806 1102 3856 seticis
1113 3821 1185 3857 seem
1216 3862 1219 3869 ,

265 3876 407 3941 usssortty
434 3878 468 3944 ⁰f
486 3895 503 3928 o
530 3885 643 3934 ssusttte
668 3899 700 3934 or
726 3887 759 3948 ιι]
780 3901 815 3936 oss
842 3888 936 3941 toneat
958 3907 1031 3943 mou.
1056 3892 1114 3943 tat.
1137 3893 1183 3946 tt.

264 3975 320 4031 esp.
338 3959 365 4011 3.
385 3976 412 4027 p.
430 3961 480 4012 213
495 3979 537 4028 eqo
