2586 4718
543 303 546 308 ’
611 303 678 364 207.

156 544 230 612 quas
258 517 437 607 nuperrime
463 515 497 580 iu
523 514 629 580 libello
653 513 693 578 ad
717 535 822 604 regem
842 526 874 581 et
892 515 1134 584 Psrliamentum

155 652 356 731 exposuerat,
381 638 547 727 praecipue
566 649 670 701 autem
691 634 731 700 de
750 634 963 704 Eucharistiae
981 638 1136 714 doctrinis.

155 763 212 829 Ille
235 783 319 826 nunc
338 759 436 825 libere
456 757 643 824 defendebat
660 757 773 846 placita
794 781 847 823 sua
865 781 969 827 coram
988 761 1135 850 frequen·

157 884 274 950 tissima
301 881 557 971 congregatione:
581 880 730 970 permulti
749 879 834 946 enim
854 902 890 946 er
909 884 1024 973 populo
1044 883 1138 950 undi.

156 1028 217 1095 que
241 1016 483 1081 concurrerant,
510 1015 544 1068 ut
562 1000 767 1068 Oroniensem
786 1002 988 1091 professorem
1006 1028 1136 1096 respou-

67 1143 70 1149 ’
155 1124 281 1191 dentem
299 1124 454 1191 audirent.

202 1247 286 1311 Huic
316 1267 441 1336 qnoque
470 1243 602 1310 concilio
632 1241 776 1309 tradebat
805 1245 954 1333 scriptam
973 1244 1046 1310 fidei
1066 1272 1137 1315 suae

158 1365 196 1432 de
215 1365 412 1433 Eucharistid
433 1365 676 1440 consessionem,
703 1365 772 1428 »irs
794 1387 860 1454 quo
882 1364 929 1452 (nt
949 1364 1139 1434 adversario·
1175 1372 1177 1377 ’
1254 1432 1256 1440 ,

155 1510 226 1554 rum
255 1487 390 1553 Wicliffi
418 1485 544 1551 afferam
569 1485 798 1571 testimonium)
823 1488 1051 1553 contenebatur
1071 1513 1141 1554 om-

156 1614 211 1674 nis
230 1632 330 1674 error
340 1612 539 1700 pristinus,
564 1607 626 1672 sed
645 1611 805 1671 secretius
824 1608 883 1671 sub
900 1611 1061 1675 velamine
1079 1634 1142 1677 ou-

157 1734 212 1796 rs'o
230 1733 416 1810 verborum,
435 1734 470 1793 in
487 1752 553 1818 paru
568 1729 658 1793 demit
669 1751 763 1792 susem
780 1737 983 1818 corzccptum,
1000 1741 1032 1797 et
1046 1736 1142 1800 m'sus

156 1863 205 1918 est
223 1875 317 1919 suom
336 1851 531 1930 sementiam
540 1851 704 1941 probare.
744 1846 830 1929 Sed,
849 1851 938 1913 celat.
954 1851 1142 1921 haereticus
1183 1899 1188 1913 .

148 1979 313 2065 pertricosa·
324 1994 346 2052 ,ὲ
358 1974 520 2060 refistacit,
545 1992 653 2033 omnes
677 1969 827 2032 doctores
845 1969 1044 2037 desecando
1064 1977 1142 2055 mtt-

155 2097 306 2172 lerturs'o,
322 2097 358 2156 sit
377 2092 523 2154 materici
539 2089 580 2152 de
598 2095 807 2171 sacramento
822 2090 970 2170 altorsc,·
986 2101 1018 2158 et
1032 2095 1140 2178 deest,

156 2235 264 2278 omnes
289 2214 369 2288 illos
393 2218 546 2290 errasse,
568 2219 708 2299 praeter
727 2215 995 2303 Berengars'um‚
1018 2254 1065 2268 -
1084 2220 1141 2287 ds}-
1199 2233 1201 2238 ·

155 2336 208 2396 xit
227 2332 366 2422 polam,
388 2331 576 2398 Sotlscrtom
596 2308 738 2395 solutum
757 2328 1001 2421 etpotestotem
1020 2336 1140 2404 tatere

155 2457 191 2517 iss
212 2458 379 2545 magistro
393 2456 657 2532 scaenicorum,
681 2461 713 2517 et
729 2456 765 2516 in
784 2456 950 2534 omnibus,
967 2459 1140 2546 qua'fidem

155 2576 354 2639 catholicam
364 2574 672 2664 proedscooerurtt'’
687 2582 714 2643 ¹.
741 2571 856 2641 Contra
874 2568 993 2658 lr'ocee,
1008 2581 1053 2647 au
1072 2582 1138 2648 ini-

155 2695 247 2760 micis
274 2692 404 2776 datum,
440 2694 675 2774 testimonium,
705 2695 870 2776 nonnulli,
889 2698 949 2763 riri
969 2699 1141 2790 integritati

152 2815 255 2880 labem
274 2813 458 2904 adspergere
478 2815 659 2905 cupientes,
683 2814 876 2905 palinodiam
895 2831 970 2885 tunc
989 2823 1140 2891 cecinisse

152 2934 352 3014 Wicliffnm,
377 2946 412 3000 ut
436 2910 547 3001 mortis
565 2935 741 3025 periculum
761 2937 930 3020 eraderet,
955 2942 1138 3011 calumniati

149 3065 258 3126 suast.
291 3056 398 3121 Potius
417 3078 490 3121 nero
510 3077 604 3143 quam
625 3058 693 3121 istis
711 3056 807 3120 fidem
821 3054 1049 3143 adhibeamus,
1068 3086 1137 3130 rem

181 3289 191 3323 ¹
216 3285 335 3348 Sudbury
352 3282 515 3345 Registrum,
535 3280 603 3346 apud
620 3281 795 3332 Willrinsiurn.
831 3284 890 3336 vot.
908 3285 958 3335 111.
978 3304 1003 3353 p.
1024 3289 1083 3340 l7l.

180 3371 193 3407 ²
217 3370 263 3420 E'r.
279 3388 304 3434 g.
323 3367 549 3431 Kuyghtonusrp.
570 3363 648 3416 2647.
679 3369 873 3435 sstslonsssssto
896 3377 1076 3438 renunciasse,
1104 3381 1141 3430 ait

213 3455 304 3515 2649„
322 3469 372 3503 sssc
386 3468 432 3502 sos
452 3453 586 3511 sonuisse,
606 3467 693 3516 seque
712 3460 802 3503 tessara
822 3472 851 3504 es
866 3458 934 3507 celte
948 3467 1139 3524 protestans.’'

212 3537 462 3600 Woudinszquoque
476 3537 547 3585 hunc
564 3537 618 3585 tere
635 3537 661 3584 in
675 3537 776 3586 modum
783 3538 920 3603 judicavit.
941 3543 996 3592 tib.
1007 3546 1028 3593 1.
1041 3564 1066 3613 p.
1080 3550 1138 3599 189.

211 3620 470 3670 Animadvertendum
496 3635 558 3670 vero
582 3624 638 3680 est,
666 3621 820 3686 Polydorum
837 3624 990 3688 Virgilium,
1010 3633 1056 3694 qui
1074 3649 1150 3699 ursus¹

210 3707 261 3755 snit
276 3720 306 3755 ex
324 3707 468 3771 purpuratis
488 3709 514 3756 irs
530 3706 590 3756 aul&
604 3705 704 3771 Papae,
724 3712 752 3757 et
765 3708 919 3772 legationem
937 3712 1006 3762 obiit
1018 3718 1137 3780 apudre-

211 3794 268 3855 pem
295 3790 411 3853 sestias*
430 3793 568 3842 llessrieum
598 3792 680 3850 vsu,
706 3793 748 3842 cui
767 3793 841 3843 rslds
859 3797 985 3859 gratiosus
1005 3807 1079 3862 erat,
1099 3805 1136 3855 itu

208 3877 241 3927 de
269 3876 387 3942 Wicliffts¹
410 3879 541 3944 scripsisse
567 3879 594 3928 in
620 3878 691 3929 Hier.
711 3879 757 3928 sliri
776 3877 855 3945 Assql.
874 3881 930 3936 situ
946 3884 1003 3934 xlx
1021 3886 1046 3933 iu
1066 3887 1135 3942 fines

155 3990 158 3996 -
212 3960 282 4010 »Aa
307 3967 457 4011 satrsmum
484 3964 561 4013 tasso
586 3965 705 4014 nimiam
730 3965 882 4030 confidens,
903 3975 967 4016 om
981 3972 1135 4024 rots'osss'bsss

214 4048 286 4096 osrs's
311 4052 452 4110 soporetur
477 4050 513 4098 ud
532 4050 627 4100 bosom
648 4051 738 4100 redire
751 4053 881 4118 fraqam,
903 4061 1010 4106 santes·
1024 4059 1131 4125 adsuit,
