2586 4718
600 358 616 414 ti

113 573 304 660 inquirentes
329 568 493 658 diligenter
517 567 550 632 in
575 566 670 633 libros
701 590 823 648 saeros,
843 572 995 637 saniorem
1015 553 1093 664 prov

111 698 227 782 poneie
245 688 405 762 studerent
425 689 616 768 doctrinam,
634 688 766 755 excitare
785 689 819 755 in
837 692 953 782 populo
972 694 1093 761 virtutis
1181 710 1184 717 “

111 834 248 880 amorem
259 861 270 893 ,
304 825 398 901 atquc
426 810 585 876 universae
613 810 659 901 rei
689 807 883 877 Christianae
911 826 1094 903 appeterent

109 954 303 1023 summopere
345 929 556 997 conditionem
600 930 762 997 meliorem
798 931 1090 1023 simplicioremque.

105 1049 200 1118 llaud
218 1074 332 1142 paucos
351 1072 386 1117 er
405 1048 476 1132 his,
499 1028 612 1117 otram'
626 1051 813 1142 impendere
842 1075 919 1118 aero
944 1065 1089 1143 paratos,

107 1172 298 1237 vindicantes
323 1168 462 1236 videmus
485 1193 608 1237 causam
629 1171 785 1260 religionis
803 1168 1019 1255 Christianae,
1042 1173 1092 1238 la·

108 1292 254 1369 boribus,
279 1290 400 1380 scriptis
411 1339 421 1372 ,
446 1293 599 1390 consiliis,
615 1293 824 1380 periculisque
841 1292 919 1360 suis:
939 1305 1091 1381 etquam·
1136 1332 1141 1342 ·

108 1414 154 1478 vis
180 1435 288 1480 eorum
319 1426 462 1494 conatus,
494 1436 556 1502 quo
580 1412 639 1502 ipsi
661 1411 814 1479 florebant
837 1426 994 1502 tempore,
1016 1437 1090 1480 suc-

109 1555 193 1598 cessu
213 1533 279 1598 iere
297 1535 467 1614 caruerint,
492 1532 573 1598 aiam
589 1544 694 1598 tamen
708 1533 874 1599 munivisse
890 1532 1090 1599 videaturad

105 1653 261 1741 religionis
282 1650 475 1719 Christianae
493 1653 526 1716 in
542 1652 666 1743 Europi
681 1653 949 1723 instaurationem.
974 1654 1025 1721 Ab
1040 1653 1089 1721 his

105 1772 233 1863 quidem
257 1775 514 1854 Reformationis,
545 1775 599 1864 qui
628 1775 717 1865 vulgo
747 1773 914 1857 dicuntur,
936 1775 1089 1842 Prodro-

104 1899 191 1976 mis,
224 1897 287 1962 sire
316 1897 492 1987 singulatim
521 1916 587 1960 rem
617 1896 736 1984 egerint
767 1894 996 1974 Christianam,
1025 1898 1089 1962 sire

103 2016 274 2105 peculiares
299 2031 395 2083 sectas
422 2030 454 2082 et
475 2016 630 2092 familias,
654 2006 767 2100 'quibus
785 2011 946 2078 haereseos
964 2026 1036 2080 nota
1055 2014 1088 2080 id

2 2152 5 2158 ’
105 2137 253 2225 temporis
281 2135 485 2211 inurebatur,
504 2129 737 2211 constituerint,
755 2155 855 2221 sparsa
883 2133 1008 2200 luerunt
1030 2158 1088 2225 per
1120 2134 1139 2220 ζ

105 2257 263 2344 Europam
282 2254 382 2343 prima
399 2252 671 2333 commutationis,
690 2265 757 2319 tum
767 2254 926 2342 religiosae
939 2268 1006 2321 tum
1016 2278 1088 2324 mo-

104 2375 193 2456 ralis,
210 2376 344 2457 semina3
363 2375 476 2464 quibus
491 2371 630 2439 adauctis
647 2386 678 2438 et
692 2373 790 2461 magis
804 2374 955 2462 explicitis
970 2375 1088 2444 factum

104 2494 196 2560 fuisse
215 2508 345 2585 putem,
370 2509 404 2562 ut
424 2494 596 2561 desiderata
617 2493 743 2561 tandem
761 2494 801 2559 sit
818 2493 1088 2564 vehementissime

80 2637 208 2680 rerum
241 2615 324 2704 apud
358 2612 548 2681 Christianos
582 2613 776 2695 emendatio,
807 2627 925 2704 utque,
960 2619 1087 2686 simulac

101 2735 285 2826 prodierunt
300 2736 421 2802 saeculo
439 2735 571 2800 ineunte
581 2734 656 2801 XVI
673 2735 704 2799 in
722 2733 903 2816 Germanii,
923 2736 1091 2823 Helvetii,-

101 2856 199 2938 alibi,
226 2857 462 2937 reformatores,
497 2855 610 2922 horum
640 2855 837 2922 subvenerint
863 2855 971 2924 studiis
990 2871 1084 2949 atque

99 2976 278 3059 conatibus,
300 2991 331 3044 et
351 2978 460 3068 populi
481 2977 525 3042 vis
536 3026 546 3057 ,
566 2989 597 3043 et
616 2976 796 3066 principum
816 2975 914 3045 lavor.
980 2976 983 2981 ’

144 3190 275 3260 Saeculo
296 3194 363 3281 jam
384 3191 446 3257 Xll
462 3203 493 3257 et
512 3176 591 3259 XllI
607 3189 797 3256 reformandi
812 3190 966 3280 quaedam
980 3193 1081 3262 studia
1147 3236 1149 3240 -

99 3314 132 3377 in
157 3312 280 3403 Europai
313 3313 415 3402 rigere
443 3314 648 3402 inceperuut;
671 3334 752 3400 quae
779 3311 910 3376 strictim
929 3314 1080 3404 attingere

99 3455 208 3522 operae
233 3426 370 3524 pretium
395 3446 456 3514 est,
484 3447 536 3515 ut,
556 3432 711 3498 Ecclesiae
731 3454 882 3521 quaenam
907 3418 1079 3503 fuerit'illo

98 3565 237 3644 tempore
253 3556 406 3636 conditio,
425 3555 515 3622 simul
530 3552 779 3633 considerantes,
795 3576 813 3618 e
829 3554 1079 3645 pluribus„quae

97 3672 225 3755 adsunt,
242 3677 388 3773 exemplis
398 3701 433 3742 ea
444 3677 577 3742 maxime
587 3675 747 3740 afferamus
754 3723 764 3756 ,
782 3696 861 3764 quae
879 3698 954 3765 prae
973 3687 1080 3767 caete·

96 3797 155 3877 ris,
177 3819 270 3885 quam
287 3799 422 3886 agimus,
438 3782 559 3866 causam
576 3796 896 3865 illustrareridentur.

142 3916 246 4011 llacce
264 3916 382 3984 scilicet
406 3922 488 3986 sacri
509 3919 653 4017 gentium
666 3932 765 3989 aetate
785 3942 841 4010 per
862 3930 958 3984 totam
978 3917 1079 4013 'Eqro-

96 4062 168 4127 pam
192 4040 236 4106 sis
262 4037 420 4109 obtinebat
445 4041 626 4121 Ecclesiae,
657 4044 719 4131 qul
746 4063 801 4143 ceu
828 4028 1078 4109 Christianism-
