2586 4718
561 333 623 396 241

96 577 172 646 quas
190 563 259 644 post
277 569 393 616 annum
415 547 508 614 1382-
522 567 625 613 eoram
645 556 735 610 coetu
754 536 998 611 Luterorortano
1016 544 1078 611 ha·

98 675 180 744 buit.
236 671 341 739 Lubet
368 668 484 758 igitur,
514 664 554 731 ad
583 663 826 756 pernoscendam
854 663 914 729 riri
942 664 1079 731 indolem

97 811 275 886 generosam
303 804 334 860 et
363 791 509 870 firmam,
534 811 631 854 unum
651 788 821 854 alterumve
839 809 875 852 er
894 785 954 852 illis
973 788 1078 877 speei-

98 940 169 984 men
198 915 283 984 dare.
332 939 354 980 n
367 909 509 979 Christus
534 888 591 999 (sio
619 906 786 999 aliquando
810 905 948 1014 dicebat)
980 892 1078 973 nostri

101 1037 279 1104 certaminis
312 1036 481 1124 imperator
515 1043 582 1112 est,
612 1053 744 1119 regnans
773 1029 917 1096 universo
943 1027 1079 1109 mundo,

58 1168 62 1171 “
102 1158 219 1248 quippe
242 1155 298 1246 qui
320 1153 473 1222 Dominus
491 1163 536 1218 est
553 1152 771 1219 Dominorum.
820 1150 860 1216 Et
879 1150 1082 1246 quandoqui-

89 1275 176 1362 dem
204 1274 361 1366 superarit
380 1274 469 1342 illum
490 1271 721 1355 adversarium,
745 1270 800 1362 qui
821 1269 881 1336 dur
900 1284 946 1336 est
967 1271 1084 1336 exerei-

103 1411 152 1464 tus
171 1408 348 1462 nostrorum
366 1392 589 1474 inimieorum,
605 1403 706 1482 potest
715 1392 841 1482 proprii
853 1390 969 1459 virtute
980 1397 1086 1459 omnes

103 1518 251 1596 vincere,
279 1515 333 1604 qui
364 1497 460 1604 ipsius
486 1513 641 1580 militibus
658 1511 877 1584 adversantur..
918 1513 1088 1604 Propterea

93 1608 193 1705 'decet
210 1636 327 1703 milites
347 1633 464 1702 Christi
483 1632 566 1700 bono
593 1656 657 1701 esse
674 1635 797 1717 animo,
821 1647 857 1702 ut
884 1647 1010 1701 strenue
1028 1658 1087 1727 pro

103 1783 141 1827 eo
161 1772 319 1851 pugnent:
341 1771 507 1849 propterea
526 1780 651 1848 quoque
668 1757 832 1848 Apostolus
850 1757 964 1825 Paulus
983 1756 1090 1823 fideles

104 1882 265 1961 obsecrat,
285 1893 321 1946 ut
341 1877 1090 1968 Deiinduantarmaturam--Etprofeetoplus

106 2003 242 2069 animam
249 2049 260 2083 ,
281 2022 375 2090 quam
394 2021 505 2087 eorpus
516 2046 526 2077 ,
548 2018 652 2062 amare
670 1995 889 2078 homodebet3
902 1997 1091 2088 praeomni-
1192 2015 1194 2020 ·

106 2123 165 2189 bus
184 2143 259 2188 vero
274 2119 372 2184 debet
391 2116 521 2208 diligere
539 2117 643 2183 Deum
658 2128 753 2207 atque
768 2113 861 2207 hujus
875 2118 990 2207 legem.
1015 2118 1094 2204 Qui·
1151 2205 1153 2209 y

106 2263 231 2330 cunque
257 2237 427 2336 autemsie
445 2211 548 2319 amat,
566 2237 619 2305 ille
637 2250 764 2328 paratus
786 2237 890 2306 estad
913 2239 1092 2306 obeundam
1151 2212 1154 2217 ⁴

108 2361 246 2453 eorporis
260 2373 394 2426 mortem
413 2359 456 2427 ob
474 2381 614 2427 amorem
622 2410 632 2441 ,
644 2383 706 2450 quo
717 2361 818 2442 Deum
828 2363 1051 2452 prosequitur”
1066 2369 1092 2432 ¹.

108 2484 216 2551 Prouti
234 2482 296 2550 boc
312 2480 407 2548 modo
423 2481 521 2547 socios
536 2503 605 2548 suos
619 2492 650 2547 et
666 2479 834 2572 discipulos
843 2505 1012 2574 omnesque
1022 2505 1095 2550 rere

109 2603 301 2671 Christianos
322 2601 530 2683 admonebat,
551 2617 586 2671 ut
605 2626 691 2694 spem
708 2616 740 2670 et
753 2602 903 2670 fiduciam
918 2606 950 2672 in
968 2603 1094 2673 Christo
1194 2601 1197 2610 ’

109 2726 202 2792 unice
217 2725 427 2815 reponerent,
447 2725 491 2791 sie
510 2723 571 2791 alio
589 2736 731 2817 tempore
751 2723 876 2792 eosdem
888 2730 953 2794 'non
973 2726 1097 2795 celabat

110 2868 273 2913 aerumnas
291 2859 323 2936 et
340 2845 501 2937 pericula,
520 2867 601 2935 quae
619 2845 657 2912 iis
673 2845 1096 2915 imminebautarindieibus

110 2965 313 3035 Hierarehiae
341 2965 512 3035 Romanae.
560 2966 602 3032 Et
629 2967 802 3058 prudenter
824 2969 868 3035 ita
893 2970 989 3057 egisse
1008 2967 1096 3034 ride·

109 3101 171 3156 tur.
226 3086 288 3173 Qui
316 3087 400 3152 enim
428 3086 489 3152 illis
518 3086 713 3176 temporibus
744 3110 776 3153 se
805 3087 898 3154 unioe
928 3088 1096 3157 tradebant
1188 3122 1196 3133 ·

112 3208 223 3277 Godiei
246 3230 355 3288 sacro,
384 3205 495 3297 spretis
514 3205 735 3274 traditionibus
755 3222 786 3275 et
805 3208 961 3299 figmentis
981 3211 1097 3277 Eccle-

33 3301 36 3307 ⁴
112 3331 196 3411 siae,
224 3351 260 3394 ae
287 3327 405 3421 populo
429 3327 543 3420 scripta
563 3351 647 3394 saera
666 3329 766 3395 libere
786 3329 1096 3421 interpretabantur,

112 3446 162 3513 bis
195 3449 350 3517 instabant
385 3449 454 3517 dira
484 3473 639 3541 quaeque.
697 3453 799 3538 Quot,
826 3451 926 3521 eheu!
950 3455 1097 3546 vpericula

113 3565 260 3657 deinceps
285 3570 472 3638 Wieliffitae
492 3571 703 3658 sustinuerunt
713 3587 819 3667 „quot
839 3577 1004 3668 angoribus
1018 3602 1099 3646 eon·

389 3736 505 3769 ,,.,
728 3670 778 3779 0,

146 3818 156 3854 ¹
181 3815 240 3867 vid.
269 3815 336 3882 apud
358 3818 534 3882 Vaugbauum·
559 3819 617 3871 vot.
637 3821 673 3869 Il.
691 3837 719 3886 p·
736 3821 798 3870 21⁶.
816 3848 851 3863 --
868 3824 942 3873 Ratio
959 3825 1029 3874 illius
1046 3827 1103 3875 aevi

178 3903 306 3965 equestris
333 3906 361 3951 et
378 3903 495 3953 militaris
515 3905 565 3954 vim
583 3906 705 3969 imprimis
721 3909 861 3958 exseruisse
877 3909 979 3959 ridetur
995 3911 1020 3958 in
1039 3913 1104 3960 aori·

177 3986 255 4037 bendi
281 3987 456 4053 loquendique
479 3990 582 4039 modum
608 3988 738 4040 wiottffia
752 3992 852 4058 saepius
869 3993 936 4042 euim
958 3994 983 4042 in
1001 3995 1104 4062 seriptis

178 4072 235 4137 ejus
252 4088 266 4124 a
283 4071 353 4124 bello
372 4077 399 4124 el
414 4073 505 4124 mititte
524 4074 647 4138 imagine·
667 4075 806 4128 ducuntur.

885 4184 910 4221 lli
