2586 4718
614 295 650 354 12

139 512 281 601 ttaropae
303 510 404 578 etiam
431 505 643 575 Occidentalis
670 509 848 600 regionibus
875 512 1030 579 interdum
1053 537 1118 582 sese

138 643 345 722 opposuerunt
365 629 438 724 alii,
463 627 618 695 Ecclesiae
638 626 816 711 doctrinae,
837 633 999 721 regimini,
1019 635 1117 701 cultui

138 775 234 822 sacro.
281 749 376 817 Initio
395 751 463 816 aeri
483 749 544 817 1111
564 749 768 816 Tancbelinus
788 751 822 816 in
841 752 966 841 Belgio,
985 755 1117 820 maxime

137 875 352 964 Antverpiae,
383 894 436 938 sua
460 872 569 962 sparsit
587 872 724 961 placita,
748 895 828 962 quae
846 873 886 939 ad
905 887 1027 965 tempus
1047 877 1119 944 satis

136 994 273 1061 efficacia
301 993 394 1060 luisse
413 990 557 1074 ridentur
576 992 615 1058 ad
634 1015 778 1082 magnam
797 994 855 1084 ipsi
876 996 1115 1086 comparandam

135 1116 287 1184 sociorum
308 1113 479 1184 cohortem.
521 1114 622 1198 Quum
640 1136 714 1181 vero
732 1114 820 1182 nobis
839 1114 1010 1183 innotuerit
1030 1119 1116 1184 Tan·

136 1236 275 1317 cholinus
291 1236 382 1301 unice
401 1233 643 1300 adversariorum
665 1235 870 1315 testimoniis,
890 1237 1023 1326 plurima
1045 1261 1117 1303 sane

136 1355 182 1424 de·
193 1355 332 1423 moribus
351 1354 418 1421 cius
438 1368 471 1422 et
489 1352 629 1420 doctrinis
646 1352 816 1420 admodum
832 1334 927 1423 dubia
944 1371 1118 1448 sumatque

128 1478 265 1546 incerta.
311 1475 480 1543 Fanatismi
498 1488 601 1541 tamen
624 1477 798 1565 suspicione
818 1475 935 1541 absolsi
950 1499 1038 1566 posse
1054 1501 1116 1544 non

135 1598 259 1666 ridetur
270 1605 299 1668 ¹.

181 1718 327 1809 Quamvis
345 1717 426 1784 inter
446 1715 634 1805 haereticos,
656 1716 717 1783 illis
734 1714 860 1798 diebus,
880 1698 975 1784 sectas
994 1717 1047 1783 alii
1063 1739 1117 1782 re-

133 1841 250 1908 ferrent
270 1839 463 1930 aliquatenus
473 1836 664 1920 Orientales,
681 1838 734 1904 alii
748 1839 910 1905 conatibus
925 1839 1117 1915 reformandi

133 1962 268 2029 nimium
288 1962 354 2027 fere
368 1964 534 2052 jungerent
555 1959 652 2026 animi
670 1959 841 2041 fervorem,
861 1974 956 2050 atque
974 1959 1059 2028 adeo
1072 1963 1118 2027 fa-

133 2083 324 2164 natismum,
355 2083 390 2145 in
418 2080 468 2147 his
487 2073 599 2148 vtamen
628 2081 703 2170 ipsis
727 2103 763 2148 ea
783 2081 938 2172 imprimis
957 2095 1028 2150 sunt
1047 2084 1120 2148 ani-

132 2200 373 2283 madvertenda,
408 2222 487 2290 quae
510 2201 671 2266 valuerunt
690 2200 730 2266 ad
751 2201 914 2268 excitanda
933 2203 1034 2270 studia
1051 2223 1118 2269 me·

64 2384 88 2405 N
133 2326 233 2407 liora,
269 2345 364 2414 quam
395 2342 474 2412 quae
501 2322 590 2412 vulgo
619 2320 836 2404 habebantur,
860 2345 960 2412 eaque
979 2325 1119 2412 opposite

135 2444 278 2514 adsersus
308 2443 464 2510 Ecclesiae
494 2467 564 2511 cum
585 2446 820 2528 auctoritatem,
840 2457 908 2510 turn
928 2443 1115 2512 doctrinam.
1181 2477 1183 2482 Δ

52 2635 57 2644 “
133 2631 478 2651 Μ

163 2761 172 2797 ¹
198 2757 255 2810 Vid.
285 2756 317 2806 de
343 2772 389 2817 eo,
418 2755 507 2822 Epist.
533 2754 721 2821 'Trajactcrssir
748 2751 820 2802 Ecol.
849 2753 885 2800 ad
899 2734 975 2803 Frs'd.
998 2752 1125 2818 Archisp.

200 2843 399 2904 Coloniensem,
421 2843 448 2891 in
473 2841 593 2892 Udalrs'os'
613 2836 840 2900 Babanbarqanst's
862 2837 957 2884 Gods'oe
974 2834 1127 2899 Epistolors‘

197 2928 289 2991 (corp.
314 2925 384 2979 Ilist.
403 2927 486 2975 medii
503 2926 581 2984 ocni,
610 2923 652 2975 ed.
678 2923 754 2971 aJc.
778 2919 887 2982 Georgio
915 2919 1037 2968 Eccardo.
1057 2920 1124 2985 Lips.

111 3054 114 3059 ,
199 3011 276 3062 1723.
298 3011 367 3061 Tom.
388 3009 424 3059 11.
445 3025 472 3074 p.
499 3009 550 3058 289
569 3007 651 3070 sqq.).
674 3031 705 3042 —
726 3003 787 3053 Vtro
805 3004 833 3054 S.
854 3002 980 3052 Norborts'
998 3001 1124 3069 Areba‘ep.

196 3094 316 3160 nequet.
336 3109 392 3159 esp.
413 3092 492 3151 XIII,
513 3091 586 3139 obvio
606 3088 911 3147 instrumentorum,
932 3087 1022 3138 Jum’s‘.
1053 3081 1124 3140 Iona.

98 3172 107 3197 ³
195 3181 219 3234 1.
244 3197 269 3246 p.
290 3170 342 3228 8'43
362 3192 402 3240 sq.
423 3175 498 3224 -A
525 3173 668 3224 Pontificiis
699 3174 753 3227 sare
775 3173 891 3222 omnibus
911 3174 1068 3239 vituperatus
1088 3179 1128 3224 est

198 3263 383 3323 Trachalinua3
403 3274 417 3307 a
436 3257 528 3306 celeris
543 3272 602 3305 vero
612 3257 779 3321 scriptoribus
790 3261 834 3305 aut
850 3256 984 3317 laudatus,
1003 3259 1127 3307 aursana-

165 3330 179 3349 ν
197 3351 266 3400 licus
280 3347 393 3396 habitus.
430 3343 486 3392 Jac.
505 3341 616 3391 Basslius
632 3341 658 3388 in
676 3356 809 3390 nnmerum
827 3357 914 3390 eorum
931 3341 998 3391 inler
1018 3343 1124 3412 belgas,

195 3436 240 3498 qui
268 3429 473 3482 reformationem
503 3428 703 3488 praepararant,
733 3442 791 3474 curn
819 3425 962 3491 adscripsit.
1014 3426 1124 3477 Neuort.

200 3511 354 3581 Sulpicius,
381 3525 439 3576 pag.
470 3507 520 3556 1⁶8
540 3523 579 3570 sq.
608 3510 643 3559 cl.
672 3511 702 3560 Η.
731 3510 775 3558 W.
794 3509 942 3574 'Iijdeman‚
968 3512 1042 3561 oerlr.
1064 3527 1127 3560 over

199 3605 250 3652 dors
275 3594 383 3657 Nodorl.
403 3591 572 3640 Aortslsettor
591 3586 635 3642 uit
655 3593 699 3643 Iret
718 3594 796 3660 seqre
815 3597 863 3645 dor
884 3597 1012 3663 taoaalfde
1032 3613 1122 3658 censo,

201 3681 353 3744 Toncbelyn
371 3677 404 3742 of
420 3677 579 3737 Tanarum,
598 3690 663 3741 quae
680 3680 878 3740 commentatio,
894 3683 989 3746 scripta
1006 3669 1136 3733 ειο.1808Ι

200 3766 294 3817 inserta
315 3765 355 3810 est
371 3760 457 3825 operit
478 3760 626 3827 Bej'drcqcn
645 3768 686 3818 ¹tot
701 3764 733 3826 de
748 3763 904 3831 booefem'aq
922 3781 955 3815 est
967 3768 1060 3830 ‘pesclo
1078 3769 1125 3817 des·

200 3843 310 3915 (ὖθᾶςθι.1
330 3843 474 3893 Wolcttsclt.
498 3837 574 3894 1814·
601 3845 658 3895 vol.
678 3846 714 3897 ῙῙ.
736 3866 763 3914 p.
785 3847 928 3899 72—111.
950 3877 982 3887 -
1004 3852 1121 3910 θΙῃίιη,

89 3927 93 3935 “
203 3930 295 3981 Gerolr.
324 3930 372 3980 dor
404 3930 467 3982 Clas.
491 3929 561 3980 nere
586 3947 619 3981 en
649 3932 744 3982 Godsd.
774 3935 806 3983 s'rt
833 3935 865 3985 ds
890 3935 997 3988 Nsderl.
1018 3934 1081 4005 adds
1096 3934 1127 3981 da

99 4015 102 4022 '
200 4015 279 4068 Hero.
309 4016 378 4070 Isia.
402 4016 478 4068 1834.
500 4017 559 4070 Vol.
582 4016 619 4067 11.
640 4034 666 4084 p.
691 4016 725 4067 48
745 4033 802 4084 sqq.
949 4015 952 4024 “
986 4003 1017 4030 '⁴
1043 4004 1046 4013 ’
