2586 4718
611 328 671 390 157

148 564 235 610 mum
263 543 390 610 comiter
416 543 607 620 salutarunt,
637 562 690 622 ac,
719 556 832 609 sortem
851 544 916 631 ejus
939 562 971 607 se
993 541 1129 610 commi-

148 664 242 730 serati
258 664 455 741 simulantes,
471 664 501 728 ei
516 657 674 752 apprecnti
690 675 759 730 suut
775 663 1001 729 recreationem
1017 685 1128 730 umor·

149 784 203 853 bo.
234 782 356 850 Deinde
374 797 478 849 tamen
500 783 629 862 fratres,
644 783 857 872 gravissimas,
877 805 1006 873 quaeex
1021 781 1129 873 dispu-

148 905 317 972 tationibus
341 907 406 995 ejus
430 915 462 970 et
491 903 613 992 scriptis
641 904 701 970 sibi
729 905 940 986 obvenerant,
960 904 1128 969 calumnias

150 1038 181 1092 et
200 1025 356 1092 molestias
376 1024 410 1090 in
427 1023 611 1089 memoriam
631 1025 660 1089 ei
681 1038 879 1104 revocantes,
902 1024 1018 1091 hortati
1036 1037 1128 1107 sunt,

149 1158 202 1226 ut,
222 1146 313 1211 morti
334 1167 417 1211 nunc
436 1145 611 1235 proximus,
631 1168 770 1212 errorum
788 1157 820 1216 et
838 1145 1004 1211 criminum
1020 1144 1131 1235 poeni·

150 1268 247 1333 tentid
267 1265 396 1348 ductus,
418 1288 504 1334 snam
523 1237 652 1333 defleret
672 1267 889 1365 iniquitatem,
904 1288 940 1331 ac
949 1276 1131 1332 retractaret

149 1387 309 1478 protinus,
329 1409 533 1478 quaecuuque
550 1401 657 1455 contra
674 1387 755 1478 ipsos
767 1387 885 1452 dixerat
898 1387 944 1451 rel
955 1385 1134 1476 scripserat.

137 1508 307 1576 -Wicliffus
325 1530 419 1591 vero,
437 1488 492 1575 his'
506 1507 637 1591 auditis,
658 1509 837 1598 viribusque
857 1506 1020 1587 resumtis,
1040 1505 1134 1572 fami·

149 1629 239 1696 lieres
258 1629 440 1711 advocarit,
453 1629 569 1719 jubens
584 1651 635 1696 eos
652 1630 779 1720 paulum
796 1650 853 1719 per
868 1627 1012 1718 pulvillos
1030 1628 1132 1718 ipsum

150 1751 280 1840 erigere.
329 1750 419 1837 Quod
447 1774 544 1840 quum
574 1765 654 1845 esset
685 1752 800 1818 fectum
813 1799 824 1832 ‚
850 1750 911 1817 ulti
933 1770 1008 1815 voce
1030 1726 1132 1814 dixit:

151 1871 258 1938 »Nost
284 1875 432 1979 mopsus,
460 1872 522 1937 sed
538 1875 663 1953 cecam,
683 1896 742 1938 nec
758 1872 891 1941 cessabo
909 1891 1052 1959 unquam
1072 1878 1134 1932 εκ·-

144 1993 314 2082 probrare
335 1994 486 2082 pessima
515 1991 630 2056 studia
651 1992 832 2078 fratrum”
856 1995 883 2055 ¹.
934 1987 1008 2066 Isti,
1029 1987 1134 2053 enimc

151 2112 293 2191 confusi,
314 2111 410 2175 abeo
429 2107 650 2179 discesserunt:
677 2111 743 2199 ipse
762 2121 867 2175 autem
889 2106 1036 2199 deinceps
1054 2129 1134 2175 con-

65 2296 71 2303 ,
151 2230 266 2309 veluit,
290 2240 320 2294 et
339 2228 496 2319 promissis
515 2229 611 2300 stetit.

197 2347 270 2412 Jam
300 2348 325 2415 si
353 2348 536 2439 respicimus
562 2349 602 2415 nd
631 2372 700 2416 enm
728 2351 811 2417 vitae
834 2362 956 2440 partem
980 2347 1136 2430 Wicliffi,

152 2489 244 2557 quum
272 2465 335 2535 huc
361 2492 459 2558 usque
488 2469 781 2560 pervestigavimus,
811 2469 850 2536 de
880 2471 947 2536 rire
974 2468 1028 2537 ilio
1046 2489 1134 2559 posse

150 2590 303 2655 affirmare
321 2589 406 2656 hnud
425 2591 584 2659 immerito
600 2592 690 2659 nobis
710 2591 868 2672 videmur,
888 2588 972 2680 qnod
988 2590 1133 2657 Erasmus

150 2708 190 2776 de
218 2709 357 2776 Luthero
387 2709 487 2793 dixit,
515 2714 669 2803 tetigisse
691 2736 763 2780 eum
781 2735 935 2780 eoronam
954 2712 1133 2800 Pontcflcis

149 2839 181 2896 et
199 2841 329 2897 ventres
346 2832 590 2903 morzachorum.

176 3068 186 3104 ¹
211 3068 270 3121 Vid.
301 3069 400 3119 Bsieus.
429 3072 504 3122 Geni.
528 3072 556 3120 6.
582 3087 609 3136 p.
636 3071 696 3121 469.
724 3072 813 3122 Refert
830 3070 890 3120 ich.
908 3071 1017 3131 Furius,
1039 3087 1136 3120 memo-

209 3152 264 3201 riae
289 3168 304 3201 e
324 3147 456 3202 nonnuliis¹
473 3151 601 3221 proditum
622 3168 694 3212 esse,
715 3153 876 3213 Wiciiffum‚
899 3153 1001 3203 electo
1021 3168 1075 3202 sese
1095 3157 1136 3202 st·

211 3227 363 3298 tollentem,
379 3238 444 3287 illud
462 3253 476 3288 e
494 3238 592 3288 Psalmo
613 3235 733 3289 vanr.
756 3236 807 3299 17,
828 3237 927 3302 ingenti
941 3239 1050 3304 spiritu,
1066 3239 1135 3287 reci·

214 3323 299 3372 tasse:
317 3321 404 3373 »Noe
417 3325 537 3388 moriar,
554 3324 601 3375 aed
615 3322 718 3382 ninam,
735 3326 762 3372 et
772 3323 980 3389 narraboopera
991 3322 1135 3374 Domini.'’

203 3410 255 3470 cp.
272 3405 348 3464 itud.¹
359 3423 387 3475 p.
410 3408 452 3461 13.
596 3462 599 3467 ,
