<?xml version="1.0" encoding="UTF-8"?>
<!DOCTYPE html PUBLIC "-//W3C//DTD XHTML 1.0 Transitional//EN"
    "http://www.w3.org/TR/xhtml1/DTD/xhtml1-transitional.dtd">
<html xmlns="http://www.w3.org/1999/xhtml" xml:lang="en" lang="en">
 <head>
  <title>
</title>
<meta http-equiv="Content-Type" content="text/html;charset=utf-8" />
  <meta name='ocr-system' content='tesseract 3.04.00' />
  <meta name='ocr-capabilities' content='ocr_page ocr_carea ocr_par ocr_line ocrx_word'/>
</head>
<body>
  <div class='ocr_page' id='page_1' title='image "./diatribeinjohan00unkngoog_0122.png"; bbox 0 0 2586 4718; ppageno 0'>
   <div class='ocr_carea' id='block_1_1' title="bbox 565 359 624 424">
    <p class='ocr_par' dir='ltr' id='par_1_1' title="bbox 565 359 624 424">
     <span class='ocr_line' id='line_1_1' title="bbox 565 359 624 424; baseline -0.017 -1"><span class='ocrx_word' id='word_1_1' title='bbox 565 359 624 424; x_wconf 90' lang='grc'><strong><em>101</em></strong></span> 
     </span>
    </p>
   </div>
   <div class='ocr_carea' id='block_1_2' title="bbox 18 532 1162 2216">
    <p class='ocr_par' dir='ltr' id='par_1_2' title="bbox 94 532 1128 1626">
     <span class='ocr_line' id='line_1_2' title="bbox 94 532 1074 669; baseline -0.006 -25"><span class='ocrx_word' id='word_1_2' title='bbox 94 579 243 669; x_wconf 80' lang='lat' dir='ltr'><strong><em>coguitis</em></strong></span> <span class='ocrx_word' id='word_1_3' title='bbox 263 564 465 653; x_wconf 79' lang='lat' dir='ltr'><strong><em>erroribus,</em></strong></span> <span class='ocrx_word' id='word_1_4' title='bbox 493 573 718 660; x_wconf 72' lang='lat' dir='ltr'><strong><em>resipisceret.</em></strong></span> <span class='ocrx_word' id='word_1_5' title='bbox 765 532 910 660; x_wconf 81' lang='lat' dir='ltr'><strong><em>Denique</em></strong></span> <span class='ocrx_word' id='word_1_6' title='bbox 938 568 970 635; x_wconf 91' lang='lat' dir='ltr'><strong><em>in</em></strong></span> <span class='ocrx_word' id='word_1_7' title='bbox 995 570 1074 638; x_wconf 90' lang='lat' dir='ltr'><strong><em>doo-</em></strong></span> 
     </span>
     <span class='ocr_line' id='line_1_3' title="bbox 98 685 1075 782; baseline -0.006 -19"><span class='ocrx_word' id='word_1_8' title='bbox 98 699 216 764; x_wconf 77' lang='lat' dir='ltr'><strong><em>t&#39;rinam</em></strong></span> <span class='ocrx_word' id='word_1_9' title='bbox 242 695 398 762; x_wconf 83' lang='lat' dir='ltr'><strong><em>Ecclesiae</em></strong></span> <span class='ocrx_word' id='word_1_10' title='bbox 424 685 775 773; x_wconf 87' lang='lat' dir='ltr'><strong><em>Romano-catholicae,</em></strong></span> <span class='ocrx_word' id='word_1_11' title='bbox 795 689 865 758; x_wconf 80' lang='lat' dir='ltr'><strong><em>dati</em></strong></span> <span class='ocrx_word' id='word_1_12' title='bbox 883 693 975 782; x_wconf 78' lang='lat' dir='ltr'><strong><em>operi</em></strong></span> <span class='ocrx_word' id='word_1_13' title='bbox 987 740 997 773; x_wconf 92' lang='lat'><strong><em>,</em></strong></span> <span class='ocrx_word' id='word_1_14' title='bbox 1021 692 1075 757; x_wconf 92' lang='lat' dir='ltr'><strong><em>in-</em></strong></span> 
     </span>
     <span class='ocr_line' id='line_1_4' title="bbox 100 811 1077 908; baseline -0.002 -25"><span class='ocrx_word' id='word_1_15' title='bbox 100 819 243 908; x_wconf 90' lang='lat' dir='ltr'><strong><em>quirens,</em></strong></span> <span class='ocrx_word' id='word_1_16' title='bbox 261 816 360 882; x_wconf 90' lang='lat' dir='ltr'><strong><em>multa</em></strong></span> <span class='ocrx_word' id='word_1_17' title='bbox 376 811 519 904; x_wconf 75' lang='lat' dir='ltr'><strong>dogmata</strong></span> <span class='ocrx_word' id='word_1_18' title='bbox 538 813 720 901; x_wconf 78' lang='lat' dir='ltr'>impugnare</span> <span class='ocrx_word' id='word_1_19' title='bbox 737 811 840 901; x_wconf 84' lang='lat' dir='ltr'><strong><em>palam</em></strong></span> <span class='ocrx_word' id='word_1_20' title='bbox 854 824 1077 901; x_wconf 77' lang='lat' dir='ltr'><strong><em>aggressusest.</em></strong></span> 
     </span>
     <span class='ocr_line' id='line_1_5' title="bbox 95 931 1077 1023; baseline -0.006 -19"><span class='ocrx_word' id='word_1_21' title='bbox 95 935 202 1004; x_wconf 84' lang='lat' dir='ltr'><strong><em>simul</em></strong></span> <span class='ocrx_word' id='word_1_22' title='bbox 225 957 299 1002; x_wconf 82' lang='lat' dir='ltr'><strong><em>sero</em></strong></span> <span class='ocrx_word' id='word_1_23' title='bbox 322 935 495 1023; x_wconf 88' lang='lat' dir='ltr'><strong><em>complures</em></strong></span> <span class='ocrx_word' id='word_1_24' title='bbox 518 931 793 999; x_wconf 77' lang='lat' dir='ltr'><strong><em>commentationes</em></strong></span> <span class='ocrx_word' id='word_1_25' title='bbox 812 944 843 998; x_wconf 90' lang='lat' dir='ltr'><strong><em>et</em></strong></span> <span class='ocrx_word' id='word_1_26' title='bbox 863 935 1077 1022; x_wconf 87' lang='lat' dir='ltr'><strong><em>quaestiones,</em></strong></span> 
     </span>
     <span class='ocr_line' id='line_1_6' title="bbox 100 1041 1078 1147; baseline -0.006 -24"><span class='ocrx_word' id='word_1_27' title='bbox 100 1057 140 1122; x_wconf 86' lang='lat' dir='ltr'><strong><em>ad</em></strong></span> <span class='ocrx_word' id='word_1_28' title='bbox 166 1053 395 1147; x_wconf 89' lang='lat' dir='ltr'><strong><em>philosophiam</em></strong></span> <span class='ocrx_word' id='word_1_29' title='bbox 424 1063 458 1119; x_wconf 90' lang='lat' dir='ltr'><strong><em>et</em></strong></span> <span class='ocrx_word' id='word_1_30' title='bbox 487 1050 674 1140; x_wconf 78' lang='lat' dir='ltr'><strong><em>theologiam</em></strong></span> <span class='ocrx_word' id='word_1_31' title='bbox 700 1050 889 1142; x_wconf 87' lang='lat' dir='ltr'><strong><em>pertinentes</em></strong></span> <span class='ocrx_word' id='word_1_32' title='bbox 918 1041 1078 1119; x_wconf 86' lang='lat' dir='ltr'><strong><em>scholasti·</em></strong></span> 
     </span>
     <span class='ocr_line' id='line_1_7' title="bbox 102 1169 1128 1266; baseline -0.004 -24"><span class='ocrx_word' id='word_1_33' title='bbox 102 1200 171 1242; x_wconf 89' lang='lat' dir='ltr'><strong><em>cam</em></strong></span> <span class='ocrx_word' id='word_1_34' title='bbox 182 1225 192 1256; x_wconf 90' lang='lat'><strong><em>,</em></strong></span> <span class='ocrx_word' id='word_1_35' title='bbox 220 1197 353 1266; x_wconf 85' lang='lat' dir='ltr'><strong><em>quarum</em></strong></span> <span class='ocrx_word' id='word_1_36' title='bbox 378 1174 493 1239; x_wconf 82' lang='lat' dir='ltr'><strong><em>multoe</em></strong></span> <span class='ocrx_word' id='word_1_37' title='bbox 511 1169 614 1238; x_wconf 91' lang='lat' dir='ltr'><strong><em>adhuc</em></strong></span> <span class='ocrx_word' id='word_1_38' title='bbox 633 1183 751 1238; x_wconf 79' lang='lat' dir='ltr'><strong><em>exstant</em></strong></span> <span class='ocrx_word' id='word_1_39' title='bbox 762 1219 773 1252; x_wconf 99' lang='lat'><strong><em>,</em></strong></span> <span class='ocrx_word' id='word_1_40' title='bbox 797 1184 872 1237; x_wconf 88' lang='lat' dir='ltr'><strong><em>tunc</em></strong></span> <span class='ocrx_word' id='word_1_41' title='bbox 890 1172 930 1236; x_wconf 91' lang='lat' dir='ltr'><strong><em>ab</em></strong></span> <span class='ocrx_word' id='word_1_42' title='bbox 949 1194 986 1238; x_wconf 89' lang='lat' dir='ltr'><strong><em>co</em></strong></span> <span class='ocrx_word' id='word_1_43' title='bbox 1006 1194 1082 1238; x_wconf 89' lang='lat' dir='ltr'><strong><em>oon·</em></strong></span> <span class='ocrx_word' id='word_1_44' title='bbox 1123 1170 1128 1203; x_wconf 84' lang='lat'><strong><em>¹</em></strong></span> 
     </span>
     <span class='ocr_line' id='line_1_8' title="bbox 102 1291 1082 1387; baseline -0.007 -24"><span class='ocrx_word' id='word_1_45' title='bbox 102 1299 233 1387; x_wconf 87' lang='lat' dir='ltr'><strong><em>scriptas</em></strong></span> <span class='ocrx_word' id='word_1_46' title='bbox 257 1297 368 1376; x_wconf 88' lang='lat' dir='ltr'><strong><em>fuisse,</em></strong></span> <span class='ocrx_word' id='word_1_47' title='bbox 398 1292 565 1360; x_wconf 87' lang='lat' dir='ltr'><strong><em>admodum</em></strong></span> <span class='ocrx_word' id='word_1_48' title='bbox 592 1292 770 1381; x_wconf 39' lang='lat' dir='ltr'><strong><em>verisimile,</em></strong></span> <span class='ocrx_word' id='word_1_49' title='bbox 784 1304 842 1361; x_wconf 90' lang='lat' dir='ltr'><strong><em>est.</em></strong></span> <span class='ocrx_word' id='word_1_50' title='bbox 896 1291 936 1359; x_wconf 85' lang='lat' dir='ltr'><strong><em>Et</em></strong></span> <span class='ocrx_word' id='word_1_51' title='bbox 954 1291 1082 1381; x_wconf 92' lang='lat' dir='ltr'><strong><em>quidem</em></strong></span> 
     </span>
     <span class='ocr_line' id='line_1_9' title="bbox 101 1413 1085 1506; baseline -0.004 -24"><span class='ocrx_word' id='word_1_52' title='bbox 101 1438 158 1506; x_wconf 91' lang='lat' dir='ltr'><strong><em>per</em></strong></span> <span class='ocrx_word' id='word_1_53' title='bbox 184 1437 276 1482; x_wconf 89' lang='lat' dir='ltr'><strong><em>omne</em></strong></span> <span class='ocrx_word' id='word_1_54' title='bbox 288 1465 298 1500; x_wconf 92' lang='lat'><strong><em>,</em></strong></span> <span class='ocrx_word' id='word_1_55' title='bbox 328 1437 390 1506; x_wconf 93' lang='lat' dir='ltr'><strong><em>quo</em></strong></span> <span class='ocrx_word' id='word_1_56' title='bbox 419 1415 598 1505; x_wconf 85' lang='lat' dir='ltr'><strong><em>professoris</em></strong></span> <span class='ocrx_word' id='word_1_57' title='bbox 615 1436 744 1480; x_wconf 91' lang='lat' dir='ltr'><strong><em>munere</em></strong></span> <span class='ocrx_word' id='word_1_58' title='bbox 766 1413 889 1480; x_wconf 86' lang='lat' dir='ltr'><strong><em>functus</em></strong></span> <span class='ocrx_word' id='word_1_59' title='bbox 907 1425 974 1494; x_wconf 89' lang='lat' dir='ltr'><strong><em>est,</em></strong></span> <span class='ocrx_word' id='word_1_60' title='bbox 998 1426 1085 1478; x_wconf 90' lang='lat' dir='ltr'><strong><em>tem-</em></strong></span> 
     </span>
     <span class='ocr_line' id='line_1_10' title="bbox 103 1520 1085 1626; baseline -0.001 -25"><span class='ocrx_word' id='word_1_61' title='bbox 103 1559 183 1626; x_wconf 87' lang='lat' dir='ltr'><strong><em>pus,</em></strong></span> <span class='ocrx_word' id='word_1_62' title='bbox 216 1532 393 1623; x_wconf 89' lang='lat' dir='ltr'><strong><em>theologum</em></strong></span> <span class='ocrx_word' id='word_1_63' title='bbox 423 1557 455 1600; x_wconf 90' lang='lat' dir='ltr'><strong><em>se</em></strong></span> <span class='ocrx_word' id='word_1_64' title='bbox 483 1535 637 1624; x_wconf 89' lang='lat' dir='ltr'><strong><em>praestitit</em></strong></span> <span class='ocrx_word' id='word_1_65' title='bbox 663 1520 783 1615; x_wconf 80' lang='lat' dir='ltr'><strong><em>talem,</em></strong></span> <span class='ocrx_word' id='word_1_66' title='bbox 814 1535 933 1624; x_wconf 85' lang='lat' dir='ltr'><strong><em>qualis,</em></strong></span> <span class='ocrx_word' id='word_1_67' title='bbox 963 1534 1085 1601; x_wconf 89' lang='lat' dir='ltr'><strong><em>ratione</em></strong></span> 
     </span>
    </p>

    <p class='ocr_par' dir='ltr' id='par_1_3' title="bbox 18 1653 1162 2216">
     <span class='ocr_line' id='line_1_11' title="bbox 18 1653 1083 1749; baseline 0.002 -30"><span class='ocrx_word' id='word_1_68' title='bbox 18 1741 22 1749; x_wconf 26' lang='lat'>¹</span> <span class='ocrx_word' id='word_1_69' title='bbox 101 1655 208 1722; x_wconf 78' lang='lat' dir='ltr'><strong><em>habite</em></strong></span> <span class='ocrx_word' id='word_1_70' title='bbox 227 1653 414 1722; x_wconf 90' lang='lat' dir='ltr'><strong><em>conditionis</em></strong></span> <span class='ocrx_word' id='word_1_71' title='bbox 433 1653 494 1721; x_wconf 91' lang='lat' dir='ltr'><strong><em>hoc</em></strong></span> <span class='ocrx_word' id='word_1_72' title='bbox 515 1678 589 1722; x_wconf 80' lang='lat' dir='ltr'><strong><em>aevo</em></strong></span> <span class='ocrx_word' id='word_1_73' title='bbox 610 1653 802 1746; x_wconf 87' lang='lat' dir='ltr'><strong><em>theologiae,</em></strong></span> <span class='ocrx_word' id='word_1_74' title='bbox 822 1653 907 1720; x_wconf 89' lang='lat' dir='ltr'><strong><em>haud</em></strong></span> <span class='ocrx_word' id='word_1_75' title='bbox 927 1654 1083 1721; x_wconf 89' lang='lat' dir='ltr'><strong><em>immerito</em></strong></span> 
     </span>
     <span class='ocr_line' id='line_1_12' title="bbox 101 1760 1087 1866; baseline -0.001 -24"><span class='ocrx_word' id='word_1_76' title='bbox 101 1775 226 1842; x_wconf 82' lang='lat' dir='ltr'><strong><em>Ductor</em></strong></span> <span class='ocrx_word' id='word_1_77' title='bbox 256 1768 487 1866; x_wconf 72' lang='lat' dir='ltr'><strong><em>Euangelierts</em></strong></span> <span class='ocrx_word' id='word_1_78' title='bbox 516 1760 616 1842; x_wconf 83' lang='lat' dir='ltr'><strong><em>dictus</em></strong></span> <span class='ocrx_word' id='word_1_79' title='bbox 643 1798 707 1842; x_wconf 90' lang='lat' dir='ltr'><strong><em>esse</em></strong></span> <span class='ocrx_word' id='word_1_80' title='bbox 736 1773 870 1844; x_wconf 82' lang='lat' dir='ltr'><strong><em>ridetur.</em></strong></span> <span class='ocrx_word' id='word_1_81' title='bbox 919 1775 1087 1864; x_wconf 78' lang='lat' dir='ltr'><strong><em>Expressus</em></strong></span> 
     </span>
     <span class='ocr_line' id='line_1_13' title="bbox 102 1891 1085 1983; baseline -0.002 -21"><span class='ocrx_word' id='word_1_82' title='bbox 102 1909 207 1963; x_wconf 91' lang='lat' dir='ltr'><strong><em>autem</em></strong></span> <span class='ocrx_word' id='word_1_83' title='bbox 224 1909 269 1963; x_wconf 87' lang='lat' dir='ltr'><strong><em>est</em></strong></span> <span class='ocrx_word' id='word_1_84' title='bbox 287 1895 340 1962; x_wconf 93' lang='lat' dir='ltr'><strong><em>ille</em></strong></span> <span class='ocrx_word' id='word_1_85' title='bbox 358 1895 495 1964; x_wconf 85' lang='lat' dir='ltr'><strong><em>Wicliffi</em></strong></span> <span class='ocrx_word' id='word_1_86' title='bbox 512 1897 655 1977; x_wconf 78' lang='lat' dir='ltr'><strong><em>anianus,</em></strong></span> <span class='ocrx_word' id='word_1_87' title='bbox 679 1894 817 1960; x_wconf 91' lang='lat' dir='ltr'><strong><em>imbutus</em></strong></span> <span class='ocrx_word' id='word_1_88' title='bbox 835 1895 958 1983; x_wconf 88' lang='lat' dir='ltr'><strong><em>placitis</em></strong></span> <span class='ocrx_word' id='word_1_89' title='bbox 976 1891 1085 1960; x_wconf 81' lang='lat' dir='ltr'><strong><em>chris-</em></strong></span> 
     </span>
     <span class='ocr_line' id='line_1_14' title="bbox 101 2010 1162 2105; baseline -0.002 -21"><span class='ocrx_word' id='word_1_90' title='bbox 101 2017 214 2099; x_wconf 89' lang='lat' dir='ltr'><strong><em>tianis,</em></strong></span> <span class='ocrx_word' id='word_1_91' title='bbox 239 2018 276 2083; x_wconf 90' lang='lat' dir='ltr'><strong><em>iis</em></strong></span> <span class='ocrx_word' id='word_1_92' title='bbox 293 2016 452 2105; x_wconf 88' lang='lat' dir='ltr'><strong><em>&#39;imprimis</em></strong></span> <span class='ocrx_word' id='word_1_93' title='bbox 469 2017 614 2105; x_wconf 89' lang='lat' dir='ltr'><strong><em>scriptis,</em></strong></span> <span class='ocrx_word' id='word_1_94' title='bbox 639 2035 720 2102; x_wconf 88' lang='lat' dir='ltr'><strong><em>quae</em></strong></span> <span class='ocrx_word' id='word_1_95' title='bbox 739 2010 779 2078; x_wconf 92' lang='lat' dir='ltr'><strong><em>ad</em></strong></span> <span class='ocrx_word' id='word_1_96' title='bbox 798 2024 925 2102; x_wconf 89' lang='lat' dir='ltr'><strong><em>captum</em></strong></span> <span class='ocrx_word' id='word_1_97' title='bbox 944 2013 1084 2082; x_wconf 90' lang='lat' dir='ltr'><strong><em>omnium</em></strong></span> <span class='ocrx_word' id='word_1_98' title='bbox 1156 2041 1162 2052; x_wconf 93' lang='lat'><strong>·</strong></span> 
     </span>
     <span class='ocr_line' id='line_1_15' title="bbox 100 2118 898 2216; baseline -0.009 -11"><span class='ocrx_word' id='word_1_99' title='bbox 100 2134 333 2205; x_wconf 86' lang='lat' dir='ltr'><strong><em>accommodata</em></strong></span> <span class='ocrx_word' id='word_1_100' title='bbox 352 2133 465 2205; x_wconf 86' lang='lat' dir='ltr'><strong><em>edidit.</em></strong></span> <span class='ocrx_word' id='word_1_101' title='bbox 552 2210 555 2216; x_wconf 39' lang='grc'><strong>,</strong></span> <span class='ocrx_word' id='word_1_102' title='bbox 896 2118 898 2122; x_wconf 36' lang='grc'>’</span> 
     </span>
    </p>
   </div>
   <div class='ocr_carea' id='block_1_3' title="bbox 26 2367 1160 3184">
    <p class='ocr_par' dir='ltr' id='par_1_4' title="bbox 100 2367 1160 3065">
     <span class='ocr_line' id='line_1_16' title="bbox 143 2367 1084 2460; baseline -0.001 -22"><span class='ocrx_word' id='word_1_103' title='bbox 143 2369 243 2438; x_wconf 87' lang='lat' dir='ltr'><strong><em>Inter·</em></strong></span> <span class='ocrx_word' id='word_1_104' title='bbox 269 2368 383 2460; x_wconf 85' lang='lat' dir='ltr'><strong><em>scripta</em></strong></span> <span class='ocrx_word' id='word_1_105' title='bbox 394 2420 405 2452; x_wconf 87' lang='lat'><strong><em>,</em></strong></span> <span class='ocrx_word' id='word_1_106' title='bbox 447 2367 508 2434; x_wconf 89' lang='lat' dir='ltr'><strong><em>hac</em></strong></span> <span class='ocrx_word' id='word_1_107' title='bbox 545 2368 610 2434; x_wconf 89' lang='lat' dir='ltr'><strong><em>fere</em></strong></span> <span class='ocrx_word' id='word_1_108' title='bbox 643 2369 727 2435; x_wconf 82' lang='lat' dir='ltr'><strong><em>vitae</em></strong></span> <span class='ocrx_word' id='word_1_109' title='bbox 762 2379 898 2449; x_wconf 88' lang='lat' dir='ltr'><strong><em>aetate,</em></strong></span> <span class='ocrx_word' id='word_1_110' title='bbox 921 2367 960 2433; x_wconf 90' lang='lat' dir='ltr'><strong><em>ad</em></strong></span> <span class='ocrx_word' id='word_1_111' title='bbox 989 2392 1084 2459; x_wconf 92' lang='lat' dir='ltr'><strong><em>quam</em></strong></span> 
     </span>
     <span class='ocr_line' id='line_1_17' title="bbox 100 2471 1084 2577; baseline 0.001 -22"><span class='ocrx_word' id='word_1_112' title='bbox 100 2503 239 2557; x_wconf 88' lang='lat' dir='ltr'><strong><em>mentem</em></strong></span> <span class='ocrx_word' id='word_1_113' title='bbox 278 2471 365 2555; x_wconf 81' lang='lat' dir='ltr'><strong><em>¹nun‘o</em></strong></span> <span class='ocrx_word' id='word_1_114' title='bbox 402 2487 612 2568; x_wconf 82' lang='lat' dir='ltr'><strong><em>advertimus,</em></strong></span> <span class='ocrx_word' id='word_1_115' title='bbox 647 2488 751 2554; x_wconf 89' lang='lat' dir='ltr'><strong><em>abeo</em></strong></span> <span class='ocrx_word' id='word_1_116' title='bbox 779 2487 949 2577; x_wconf 83' lang='lat' dir='ltr'><strong><em>composita</em></strong></span> <span class='ocrx_word' id='word_1_117' title='bbox 961 2538 971 2569; x_wconf 90' lang='lat'><strong><em>,</em></strong></span> <span class='ocrx_word' id='word_1_118' title='bbox 1005 2511 1084 2556; x_wconf 92' lang='lat' dir='ltr'><strong><em>oen-</em></strong></span> 
     </span>
     <span class='ocr_line' id='line_1_18' title="bbox 102 2602 1085 2699; baseline 0.001 -23"><span class='ocrx_word' id='word_1_119' title='bbox 102 2608 195 2676; x_wconf 88' lang='lat' dir='ltr'><strong><em>senda</em></strong></span> <span class='ocrx_word' id='word_1_120' title='bbox 223 2608 347 2675; x_wconf 83' lang='lat' dir='ltr'><strong><em>videtur</em></strong></span> <span class='ocrx_word' id='word_1_121' title='bbox 375 2602 559 2698; x_wconf 74' lang='lat' dir='ltr'><strong><em>Expositis</em></strong></span> <span class='ocrx_word' id='word_1_122' title='bbox 582 2606 781 2695; x_wconf 79' lang='lat' dir='ltr'><strong><em>Beccloga&#39;1.</em></strong></span> <span class='ocrx_word' id='word_1_123' title='bbox 818 2607 927 2693; x_wconf 69' lang='lat' dir='ltr'><strong><em>&#39;Quod</em></strong></span> <span class='ocrx_word' id='word_1_124' title='bbox 956 2609 1085 2699; x_wconf 95' lang='lat' dir='ltr'><strong><em>quidem</em></strong></span> 
     </span>
     <span class='ocr_line' id='line_1_19' title="bbox 103 2711 1084 2822; baseline 0.002 -25"><span class='ocrx_word' id='word_1_125' title='bbox 103 2753 180 2822; x_wconf 88' lang='lat' dir='ltr'><strong><em>opus</em></strong></span> <span class='ocrx_word' id='word_1_126' title='bbox 199 2743 264 2796; x_wconf 90' lang='lat' dir='ltr'><strong><em>erat</em></strong></span> <span class='ocrx_word' id='word_1_127' title='bbox 278 2727 501 2798; x_wconf 84' lang='lat' dir='ltr'><strong><em>utilissimum:</em></strong></span> <span class='ocrx_word' id='word_1_128' title='bbox 527 2751 620 2808; x_wconf 86' lang='lat' dir='ltr'><strong><em>nam,</em></strong></span> <span class='ocrx_word' id='word_1_129' title='bbox 645 2727 766 2795; x_wconf 90' lang='lat' dir='ltr'><strong><em>etiamsi</em></strong></span> <span class='ocrx_word' id='word_1_130' title='bbox 784 2741 907 2820; x_wconf 90' lang='lat' dir='ltr'><strong><em>partem</em></strong></span> <span class='ocrx_word' id='word_1_131' title='bbox 926 2711 1084 2820; x_wconf 85' lang='lat' dir='ltr'><strong><em>quandam</em></strong></span> 
     </span>
     <span class='ocr_line' id='line_1_20' title="bbox 100 2843 1108 2938; baseline 0.008 -24"><span class='ocrx_word' id='word_1_132' title='bbox 100 2849 230 2916; x_wconf 89' lang='lat' dir='ltr'><strong><em>notitiae</em></strong></span> <span class='ocrx_word' id='word_1_133' title='bbox 256 2848 412 2938; x_wconf 80' lang='lat' dir='ltr'><strong><em>religionis</em></strong></span> <span class='ocrx_word' id='word_1_134' title='bbox 431 2847 516 2915; x_wconf 88' lang='lat' dir='ltr'><strong><em>haud</em></strong></span> <span class='ocrx_word' id='word_1_135' title='bbox 535 2848 795 2917; x_wconf 88' lang='lat' dir='ltr'><strong><em>contemnendam</em></strong></span> <span class='ocrx_word' id='word_1_136' title='bbox 816 2843 1007 2920; x_wconf 89' lang='lat' dir='ltr'><strong><em>constituere</em></strong></span> <span class='ocrx_word' id='word_1_137' title='bbox 1022 2856 1083 2922; x_wconf 91' lang='lat' dir='ltr'><strong><em>illis</em></strong></span> <span class='ocrx_word' id='word_1_138' title='bbox 1106 2874 1108 2880; x_wconf 76' lang='grc'>’</span> 
     </span>
     <span class='ocr_line' id='line_1_21' title="bbox 101 2958 1160 3065; baseline 0.009 -31"><span class='ocrx_word' id='word_1_139' title='bbox 101 2968 293 3059; x_wconf 85' lang='lat' dir='ltr'><strong><em>temporibus</em></strong></span> <span class='ocrx_word' id='word_1_140' title='bbox 324 2982 501 3035; x_wconf 88' lang='lat' dir='ltr'><strong><em>censeretur</em></strong></span> <span class='ocrx_word' id='word_1_141' title='bbox 528 2970 721 3060; x_wconf 84' lang='lat' dir='ltr'><strong><em>Decalogns,</em></strong></span> <span class='ocrx_word' id='word_1_142' title='bbox 754 2971 829 3061; x_wconf 88' lang='lat' dir='ltr'><strong><em>legis</em></strong></span> <span class='ocrx_word' id='word_1_143' title='bbox 857 2986 961 3039; x_wconf 87' lang='lat' dir='ltr'><strong><em>tamen</em></strong></span> <span class='ocrx_word' id='word_1_144' title='bbox 990 2973 1082 3065; x_wconf 86' lang='lat' dir='ltr'><strong><em>hujus</em></strong></span> <span class='ocrx_word' id='word_1_145' title='bbox 1157 2958 1160 2963; x_wconf 69' lang='lat'>‚</span> 
     </span>
    </p>

    <p class='ocr_par' dir='ltr' id='par_1_5' title="bbox 26 3086 1081 3184">
     <span class='ocr_line' id='line_1_22' title="bbox 26 3086 1081 3184; baseline 0.007 -31"><span class='ocrx_word' id='word_1_146' title='bbox 26 3136 29 3143; x_wconf 79' lang='lat'>·</span> <span class='ocrx_word' id='word_1_147' title='bbox 98 3086 222 3156; x_wconf 82' lang='lat' dir='ltr'><strong><em>divinae</em></strong></span> <span class='ocrx_word' id='word_1_148' title='bbox 250 3089 401 3180; x_wconf 91' lang='lat' dir='ltr'><strong><em>populum</em></strong></span> <span class='ocrx_word' id='word_1_149' title='bbox 428 3090 494 3155; x_wconf 85' lang='lat' dir='ltr'><strong><em>fere</em></strong></span> <span class='ocrx_word' id='word_1_150' title='bbox 525 3104 650 3181; x_wconf 85' lang='lat' dir='ltr'><strong><em>ceperat</em></strong></span> <span class='ocrx_word' id='word_1_151' title='bbox 676 3090 815 3173; x_wconf 80' lang='lat' dir='ltr'><strong><em>oblivio,</em></strong></span> <span class='ocrx_word' id='word_1_152' title='bbox 839 3115 971 3184; x_wconf 85' lang='lat' dir='ltr'><strong><em>eamque</em></strong></span> <span class='ocrx_word' id='word_1_153' title='bbox 991 3093 1081 3161; x_wconf 64' lang='lat' dir='ltr'><strong><em>addi÷</em></strong></span> 
     </span>
    </p>
   </div>
   <div class='ocr_carea' id='block_1_4' title="bbox 33 3391 1099 4155">
    <p class='ocr_par' dir='ltr' id='par_1_6' title="bbox 33 3391 1099 4066">
     <span class='ocr_line' id='line_1_23' title="bbox 131 3391 1087 3484; baseline 0.012 -26"><span class='ocrx_word' id='word_1_154' title='bbox 131 3409 141 3444; x_wconf 86' lang='lat'><strong>¹</strong></span> <span class='ocrx_word' id='word_1_155' title='bbox 166 3409 228 3471; x_wconf 68' lang='lat' dir='ltr'><strong><em>tte,</em></strong></span> <span class='ocrx_word' id='word_1_156' title='bbox 246 3409 273 3458; x_wconf 84' lang='lat' dir='ltr'><strong><em>et</em></strong></span> <span class='ocrx_word' id='word_1_157' title='bbox 288 3408 414 3473; x_wconf 81' lang='lat' dir='ltr'><strong><em>Anglice‚</em></strong></span> <span class='ocrx_word' id='word_1_158' title='bbox 431 3409 459 3457; x_wconf 84' lang='lat' dir='ltr'><strong><em>et</em></strong></span> <span class='ocrx_word' id='word_1_159' title='bbox 472 3407 570 3458; x_wconf 81' lang='lat' dir='ltr'><strong><em>Latine.</em></strong></span> <span class='ocrx_word' id='word_1_160' title='bbox 607 3407 689 3473; x_wconf 81' lang='lat' dir='ltr'><strong><em>liujus</em></strong></span> <span class='ocrx_word' id='word_1_161' title='bbox 707 3391 949 3476; x_wconf 79' lang='lat' dir='ltr'><strong><em>commentationis,</em></strong></span> <span class='ocrx_word' id='word_1_162' title='bbox 968 3421 1087 3484; x_wconf 72' lang='lat' dir='ltr'><strong><em>quaeti-</em></strong></span> 
     </span>
     <span class='ocr_line' id='line_1_24' title="bbox 140 3494 1086 3568; baseline 0.008 -27"><span class='ocrx_word' id='word_1_163' title='bbox 140 3499 143 3505; x_wconf 84' lang='lat'>&#39;</span> <span class='ocrx_word' id='word_1_164' title='bbox 165 3494 221 3542; x_wconf 86' lang='lat' dir='ltr'><strong><em>tulo</em></strong></span> <span class='ocrx_word' id='word_1_165' title='bbox 245 3499 345 3568; x_wconf 80' lang='lat' dir='ltr'><strong><em>tantum</em></strong></span> <span class='ocrx_word' id='word_1_166' title='bbox 367 3495 470 3559; x_wconf 86' lang='lat' dir='ltr'><strong><em>cognita</em></strong></span> <span class='ocrx_word' id='word_1_167' title='bbox 495 3498 566 3550; x_wconf 85' lang='lat' dir='ltr'><strong><em>erat,</em></strong></span> <span class='ocrx_word' id='word_1_168' title='bbox 587 3497 752 3559; x_wconf 85' lang='lat' dir='ltr'><strong><em>conspectum</em></strong></span> <span class='ocrx_word' id='word_1_169' title='bbox 777 3498 804 3545; x_wconf 88' lang='lat' dir='ltr'><strong><em>et</em></strong></span> <span class='ocrx_word' id='word_1_170' title='bbox 825 3499 945 3563; x_wconf 80' lang='lat' dir='ltr'><strong><em>excerpta</em></strong></span> <span class='ocrx_word' id='word_1_171' title='bbox 963 3505 1086 3564; x_wconf 64' lang='lat' dir='ltr'><strong><em>quaedam</em></strong></span> 
     </span>
     <span class='ocr_line' id='line_1_25' title="bbox 33 3567 1084 3649; baseline 0.016 -26"><span class='ocrx_word' id='word_1_172' title='bbox 33 3567 37 3575; x_wconf 54' lang='lat'><strong>¹</strong></span> <span class='ocrx_word' id='word_1_173' title='bbox 88 3584 93 3589; x_wconf 82' lang='lat'><strong><em>&#39;</em></strong></span> <span class='ocrx_word' id='word_1_174' title='bbox 165 3578 272 3642; x_wconf 87' lang='lat' dir='ltr'><strong><em>primum</em></strong></span> <span class='ocrx_word' id='word_1_175' title='bbox 282 3579 353 3649; x_wconf 85' lang='lat' dir='ltr'><strong><em>dedit</em></strong></span> <span class='ocrx_word' id='word_1_176' title='bbox 361 3579 535 3643; x_wconf 80' lang='lat' dir='ltr'><strong><em>Vaughnnus,</em></strong></span> <span class='ocrx_word' id='word_1_177' title='bbox 555 3578 613 3629; x_wconf 83' lang='lat' dir='ltr'><strong><em>Vol.</em></strong></span> <span class='ocrx_word' id='word_1_178' title='bbox 626 3579 648 3629; x_wconf 90' lang='lat'><strong><em>1.</em></strong></span> <span class='ocrx_word' id='word_1_179' title='bbox 660 3595 686 3643; x_wconf 91' lang='lat' dir='ltr'><strong><em>p.</em></strong></span> <span class='ocrx_word' id='word_1_180' title='bbox 698 3579 844 3631; x_wconf 60' lang='lat'><strong><em>3204-329.</em></strong></span> <span class='ocrx_word' id='word_1_181' title='bbox 875 3583 1084 3643; x_wconf 82' lang='lat' dir='ltr'><strong><em>Examinavitille</em></strong></span> 
     </span>
     <span class='ocr_line' id='line_1_26' title="bbox 166 3648 1086 3728; baseline 0.012 -18"><span class='ocrx_word' id='word_1_182' title='bbox 166 3648 308 3728; x_wconf 58' lang='lat' dir='ltr'><strong><em>simplior,</em></strong></span> <span class='ocrx_word' id='word_1_183' title='bbox 334 3665 404 3727; x_wconf 90' lang='lat' dir='ltr'><strong><em>quod</em></strong></span> <span class='ocrx_word' id='word_1_184' title='bbox 427 3668 510 3714; x_wconf 84' lang='lat' dir='ltr'><strong><em>exstat</em></strong></span> <span class='ocrx_word' id='word_1_185' title='bbox 528 3664 595 3712; x_wconf 88' lang='lat' dir='ltr'><strong><em>inter</em></strong></span> <span class='ocrx_word' id='word_1_186' title='bbox 614 3665 680 3714; x_wconf 81' lang='lat' dir='ltr'><strong><em>MSS.</em></strong></span> <span class='ocrx_word' id='word_1_187' title='bbox 702 3665 771 3714; x_wconf 84' lang='lat' dir='ltr'><strong><em>Cott.</em></strong></span> <span class='ocrx_word' id='word_1_188' title='bbox 789 3665 816 3713; x_wconf 90' lang='lat' dir='ltr'><strong><em>in</em></strong></span> <span class='ocrx_word' id='word_1_189' title='bbox 835 3667 919 3716; x_wconf 79' lang='lat' dir='ltr'><strong><em>linceo</em></strong></span> <span class='ocrx_word' id='word_1_190' title='bbox 940 3671 1004 3722; x_wconf 79' lang='lat' dir='ltr'><strong><em>erit.</em></strong></span> <span class='ocrx_word' id='word_1_191' title='bbox 1034 3676 1086 3725; x_wconf 83' lang='lat' dir='ltr'><strong><em>vid.</em></strong></span> 
     </span>
     <span class='ocr_line' id='line_1_27' title="bbox 165 3746 1099 3817; baseline 0.014 -21"><span class='ocrx_word' id='word_1_192' title='bbox 165 3747 223 3796; x_wconf 85' lang='lat' dir='ltr'><strong><em>Vol.</em></strong></span> <span class='ocrx_word' id='word_1_193' title='bbox 251 3746 274 3796; x_wconf 91' lang='grc' dir='ltr'><strong><em>Ι.</em></strong></span> <span class='ocrx_word' id='word_1_194' title='bbox 304 3763 330 3812; x_wconf 92' lang='lat' dir='ltr'><strong><em>p.</em></strong></span> <span class='ocrx_word' id='word_1_195' title='bbox 357 3748 417 3797; x_wconf 82' lang='lat'><strong><em>320.</em></strong></span> <span class='ocrx_word' id='word_1_196' title='bbox 445 3753 501 3798; x_wconf 89' lang='lat' dir='ltr'><strong><em>not.</em></strong></span> <span class='ocrx_word' id='word_1_197' title='bbox 518 3748 562 3797; x_wconf 84' lang='lat'><strong><em>26.</em></strong></span> <span class='ocrx_word' id='word_1_198' title='bbox 586 3754 613 3797; x_wconf 87' lang='lat' dir='ltr'><strong><em>et</em></strong></span> <span class='ocrx_word' id='word_1_199' title='bbox 638 3749 696 3799; x_wconf 88' lang='lat' dir='ltr'><strong><em>v01.</em></strong></span> <span class='ocrx_word' id='word_1_200' title='bbox 717 3751 753 3800; x_wconf 89' lang='lat'><strong><em>11.</em></strong></span> <span class='ocrx_word' id='word_1_201' title='bbox 775 3768 802 3817; x_wconf 90' lang='lat' dir='ltr'><strong><em>p.</em></strong></span> <span class='ocrx_word' id='word_1_202' title='bbox 823 3751 885 3801; x_wconf 75' lang='lat'><strong><em>385.</em></strong></span> <span class='ocrx_word' id='word_1_203' title='bbox 921 3755 1027 3807; x_wconf 85' lang='lat' dir='ltr'><strong><em>Secutus</em></strong></span> <span class='ocrx_word' id='word_1_204' title='bbox 1047 3767 1099 3810; x_wconf 85' lang='lat' dir='ltr'><strong><em>est·</em></strong></span> 
     </span>
     <span class='ocr_line' id='line_1_28' title="bbox 110 3831 1087 3902; baseline 0.014 -21"><span class='ocrx_word' id='word_1_205' title='bbox 110 3849 114 3861; x_wconf 92' lang='lat'><em>·</em></span> <span class='ocrx_word' id='word_1_206' title='bbox 165 3831 295 3882; x_wconf 83' lang='lat' dir='ltr'><strong><em>Wicliffus</em></strong></span> <span class='ocrx_word' id='word_1_207' title='bbox 321 3833 526 3884; x_wconf 74' lang='lat' dir='ltr'><strong><em>distributionem</em></strong></span> <span class='ocrx_word' id='word_1_208' title='bbox 554 3834 674 3898; x_wconf 84' lang='lat' dir='ltr'><strong><em>Deculogi</em></strong></span> <span class='ocrx_word' id='word_1_209' title='bbox 709 3840 837 3902; x_wconf 84' lang='lat' dir='ltr'><strong><em>receptam</em></strong></span> <span class='ocrx_word' id='word_1_210' title='bbox 875 3839 1021 3890; x_wconf 87' lang='lat' dir='ltr'><strong><em>etiamnunc</em></strong></span> <span class='ocrx_word' id='word_1_211' title='bbox 1055 3845 1087 3894; x_wconf 90' lang='lat' dir='ltr'><strong><em>ah</em></strong></span> 
     </span>
     <span class='ocr_line' id='line_1_29' title="bbox 165 3908 1086 3989; baseline 0.013 -24"><span class='ocrx_word' id='word_1_212' title='bbox 165 3916 279 3966; x_wconf 81' lang='lat' dir='ltr'><strong><em>Ecclesiai</em></strong></span> <span class='ocrx_word' id='word_1_213' title='bbox 295 3916 445 3977; x_wconf 73' lang='lat' dir='ltr'><strong><em>Pontificio,</em></strong></span> <span class='ocrx_word' id='word_1_214' title='bbox 464 3933 608 3981; x_wconf 83' lang='lat' dir='ltr'><strong><em>quanquam</em></strong></span> <span class='ocrx_word' id='word_1_215' title='bbox 624 3908 788 3984; x_wconf 85' lang='lat' dir='ltr'><strong><em>praeceptum</em></strong></span> <span class='ocrx_word' id='word_1_216' title='bbox 802 3923 947 3970; x_wconf 76' lang='lat' dir='ltr'><strong><em>secuudum</em></strong></span> <span class='ocrx_word' id='word_1_217' title='bbox 958 3912 1086 3989; x_wconf 80' lang='lat' dir='ltr'><strong><em>integrum</em></strong></span> 
     </span>
     <span class='ocr_line' id='line_1_30' title="bbox 162 4001 1086 4066; baseline 0.013 -17"><span class='ocrx_word' id='word_1_218' title='bbox 162 4001 284 4050; x_wconf 81' lang='lat' dir='ltr'><strong><em>recitavit</em></strong></span> <span class='ocrx_word' id='word_1_219' title='bbox 306 4006 333 4050; x_wconf 85' lang='lat' dir='ltr'><strong><em>et</em></strong></span> <span class='ocrx_word' id='word_1_220' title='bbox 349 4003 494 4062; x_wconf 79' lang='lat' dir='ltr'><strong><em>tractavit,</em></strong></span> <span class='ocrx_word' id='word_1_221' title='bbox 514 4002 583 4064; x_wconf 91' lang='lat' dir='ltr'><strong><em>quod</em></strong></span> <span class='ocrx_word' id='word_1_222' title='bbox 602 4002 706 4066; x_wconf 87' lang='lat' dir='ltr'><strong><em>quidem</em></strong></span> <span class='ocrx_word' id='word_1_223' title='bbox 725 4004 752 4051; x_wconf 92' lang='lat' dir='ltr'><strong><em>in</em></strong></span> <span class='ocrx_word' id='word_1_224' title='bbox 769 4005 855 4054; x_wconf 84' lang='lat' dir='ltr'><strong><em>multis</em></strong></span> <span class='ocrx_word' id='word_1_225' title='bbox 874 4003 946 4055; x_wconf 86' lang='lat' dir='ltr'><strong><em>libris</em></strong></span> <span class='ocrx_word' id='word_1_226' title='bbox 965 4010 1086 4061; x_wconf 84' lang='lat' dir='ltr'><strong><em>cateche-</em></strong></span> 
     </span>
    </p>

    <p class='ocr_par' dir='ltr' id='par_1_7' title="bbox 164 4084 968 4155">
     <span class='ocr_line' id='line_1_31' title="bbox 164 4084 968 4155; baseline 0.016 -21"><span class='ocrx_word' id='word_1_227' title='bbox 164 4085 220 4136; x_wconf 76' lang='lat' dir='ltr'><strong><em>tic&#39;is</em></strong></span> <span class='ocrx_word' id='word_1_228' title='bbox 240 4084 450 4148; x_wconf 81' lang='lat' dir='ltr'><strong><em>Pontificiorum,</em></strong></span> <span class='ocrx_word' id='word_1_229' title='bbox 470 4085 608 4138; x_wconf 86' lang='lat' dir='ltr'><strong><em>conflatum</em></strong></span> <span class='ocrx_word' id='word_1_230' title='bbox 626 4089 806 4155; x_wconf 79' lang='lat' dir='ltr'><strong><em>cumprime,</em></strong></span> <span class='ocrx_word' id='word_1_231' title='bbox 826 4091 968 4146; x_wconf 86' lang='lat' dir='ltr'><strong><em>mutilatur.</em></strong></span> 
     </span>
    </p>
   </div>
   <div class='ocr_carea' id='block_1_5' title="bbox 0 0 1300 4718">
    <p class='ocr_par' dir='ltr' id='par_1_8' title="bbox 0 0 1300 4718">
     <span class='ocr_line' id='line_1_32' title="bbox 0 0 1300 4718; baseline 0 0"><span class='ocrx_word' id='word_1_232' title='bbox 0 0 1300 4718; x_wconf 95' lang='lat' dir='ltr'><strong><em> </em></strong></span> 
     </span>
    </p>
   </div>
  </div>
 </body>
</html>
