2586 4718
428 409 433 424 Ι
545 301 608 391 '121

96 545 197 615 studia
223 529 415 610 reformandi
440 539 620 607 omnimode
640 539 862 615 cohibuissent.
909 547 1002 616 Nunc
1020 571 1077 616 ou.

97 681 161 736 tem
190 666 364 756 potentium
394 662 518 729 illorum
547 661 705 745 virorum,
735 688 812 755 qnos
840 665 993 751 diximus,
1016 692 1079 761 pa.

97 790 230 858 trociuio
257 800 364 866 tutus,
398 782 563 851 Omnium·
579 781 696 866 rediit,
710 781 756 852 ut
779 785 832 852 hic
855 803 998 879 pergeret
1016 789 1079 856 do-

97 884 168 977 cere
193 921 224 975 et
244 905 474 975 communicare
496 902 615 969 saniora
630 925 689 969 sua
709 905 836 994 placitu.
882 907 983 976 Simul
1006 930 1079 976 uero
1116 979 1119 982 .

96 1032 335 1098 Luterorortum
351 1008 528 1092 identidem
547 1024 705 1120 profectus
724 1025 818 1093 fuisse
836 1026 976 1110 ridetur,
1001 1052 1079 1120 quo·

96 1151 279 1240 tiesounque
311 1148 377 1213 illic
411 1145 498 1235 fungi
525 1165 597 1211 eum
625 1146 782 1237 oporteret
808 1148 917 1220 officiis
944 1151 1081 1219 muneris

24 1280 26 1285 ’
100 1269 148 1336 sui
171 1267 392 1336 Ecclesiastici.

145 1511 197 1579 Ab
216 1509 277 1577 hoc
295 1522 401 1575 tumen
421 1504 495 1574 inde
513 1520 672 1600 tempore,
692 1531 754 1598 quo
771 1506 929 1597 Wicliffus
944 1508 1084 1599 primum

100 1635 141 1700 ob
161 1631 275 1724 placitu
294 1654 347 1698 suu
366 1631 398 1696 in
412 1622 571 1720 judicium
591 1629 652 1695 fuit
673 1640 816 1711 vocatus,
830 1629 1083 1697 tristioeumnn·

100 1752 196 1843 dique
211 1752 274 1819 futu
291 1751 530 1818 circumstetisse
539 1749 699 1821 sidentur.
723 1752 779 1819 Uti
790 1750 875 1817 enim
886 1728 984 1818 annus
996 1754 1082 1820 1377

97 1873 223 1940 sinistro
243 1871 346 1940 omine
366 1872 524 1962 inceperet
536 1872 610 1964 ,sic
626 1893 720 1963 porro
738 1870 769 1937 ei
790 1871 987 1937 calamitosus
1005 1865 1083 1952 fuit,
1151 1919 1155 1926 -

99 2015 197 2084 quum
236 1991 375 2082 ejusdem
412 2003 528 2056 uestute
567 1990 694 2055 orbatus
727 1989 800 2054 tuit·
825 1991 945 2077 optimo
978 1991 1085 2059 fauto-

97 2136 154 2195 re,
184 2134 258 2200 rege
286 2107 434 2175 Eduardo
453 2108 526 2188 111,
556 2106 611 2196 qni
641 2105 693 2172 die
720 2110 760 2173 21
787 2107 879 2175 Junii
905 2108 996 2180 obiit.
1043 2111 1082 2178 In

99 2255 243 2324 regnum·¹
255 2229 332 2320 huic
354 2225 522 2295 succedens
551 2225 726 2293 Richardus
754 2226 807 2308 11,
827 2229 1085 2318 neposlddurudi

101 2376 138 2420 ex
169 2352 241 2418 filio
272 2350 407 2416 marimo
441 2366 538 2428 nutu,
575 2348 712 2439 primum
741 2346 871 2439 quidem
900 2349 982 2417 hene
1010 2354 1084 2419 ani-

97 2485 202 2542 matus
231 2493 296 2539 esse
324 2471 357 2537 in
386 2469 583 2550 Wicliffnm,
612 2471 739 2559 ejusque
763 2426 935 2556 dodrinum
961 2474 994 2538 et
1014 2487 1084 2542 stu-

101 2594 166 2661 dia>
186 2592 391 2683 comprobare
423 2589 610 2672 videbatur3
649 2588 766 2656 deinde
785 2594 871 2657 vero'
883 2615 1006 2681 purum:
1019 2608 1086 2665 erut

102 2715 251 2784 sollicitus
290 2712 330 2779 de
367 2711 459 2802 hujus
499 2723 603 2794 sorte,
641 2711 706 2777 imo
728 2711 960 2780 xauxiliabatur,
981 2717 1085 2806 potius

100 2837 158 2916 iis,
187 2835 243 2926 qui
266 2831 442 2899 Wicliffum
463 2833 590 2922 ejusque
609 2831 708 2898 socios
727 2826 862 2922 perdere
880 2831 1084 2912 conabantur.

95 2959 188 3027 Hanc
216 2967 319 3022 entem
349 2953 464 3021 bonum
491 2953 774 3033 existimationem„
804 2977 897 3043 quam
920 2978 974 3021 rex
992 2958 1083 3027 initio

98 3078 139 3145 de
166 3072 310 3146 Wicliffo
336 3073 454 3157 habere
473 3072 647 3157 ¹videbatur
659 3122 670 3154 ,
699 3071 902 3162 intelligimus
920 3076 1083 3171 'quodum-

98 3196 193 3266 modo
204 3245 217 3279 ,
240 3196 265 3262 si
288 3208 487 3285 reputemus,
505 3203 639 3260 matrem
660 3191 812 3261 Richardi
831 3195 913 3260 bene
932 3197 1084 3287 cupivisse

79 3338 84 3356 ³
98 3317 265 3412 professori
300 3313 488 3397 Oxoniensi,
523 3326 600 3381 tum·
624 3335 697 3380 vero
724 3313 819 3378 etiam
831 3363 841 3395 ‚
872 3315 957 3397 rim,
991 3340 1084 3407 quom

101 3439 135 3504 in
160 3461 265 3530 regem
288 3457 346 3527 per
360 3448 501 3504 'oetatem
526 3436 679 3501 minorem
712 3433 852 3501 habuere
873 3436 978 3526 patrui
998 3440 1082 3529 ejus,

47 3617 53 3629 .
100 3557 195 3626 fuisse
224 3564 466 3650 permagnom1.
512 3556 559 3623 Ex
583 3554 652 3638 his,
678 3555 774 3622 Ducis
793 3555 992 3629 Laneustriue
1010 3561 1083 3628 uni-

93 3827 99 3834 ·
130 3805 142 3844 ¹
171 3803 227 3856 Tire
239 3800 483 3868 administratore,
498 3783 585 3870 idrquit
600 3806 721 3868 Humius,
740 3824 796 3858 sooo
814 3775 963 3860 conducted
971 3809 1087 3876 entirely

109 3886 112 3892 '
161 3888 196 3938 ἐκ
216 3889 261 3938 tlte
280 3887 493 3954 Kinq’e'srome:
513 3904 550 3939 tro
565 3904 750 3954 reqeucysoos
768 3893 902 3958 expressis
918 3895 1085 3959 appointed.-
1148 3919 1151 3927 ¹
1192 3934 1194 3939 .

163 3973 209 4022 tlte
232 3975 299 4024 odero
324 3975 489 4025 consultore
502 3975 564 4025 <oud
577 3974 623 4025 tlte
641 3977 719 4041 orout
738 3978 858 4045 afficeres
876 3982 974 4030 nomed
993 3980 1025 4044 by
1042 3967 1086 4029 tire

98 4091 113 4100 -1
140 4072 256 4122 nocero,
274 4059 324 4111 did
343 4059 416 4112 etsts
429 4062 513 4126 duty,
534 4060 599 4112 ruod
616 4062 648 4110 tn
668 4061 712 4111 Ιώ
728 4066 883 4130 respectio«
898 4055 1085 4128 department.-

1002 4248 1163 4424 „a
