2586 4718
664 389 680 447 4

185 597 362 677 toritatem,
386 595 512 686 publice
532 617 614 661 nunc
632 595 882 664 contradixerunt
901 600 1072 671 Ecclesiae:
1089 628 1162 694 pro·

183 710 326 786 r'ooantes
346 716 385 781 ad
405 715 552 784 Codicem
572 697 712 800 sacrum,
748 698 840 809 quem
860 720 983 786 unicam
1002 721 1159 791 habebant
1240 725 1246 743 '

184 839 257 904 lidei
274 862 436 920 normam,
461 839 666 906 defenderunt
685 839 856 907 doctrinam
876 865 963 909 suam
977 857 1070 934 atque
1089 847 1161 912 tuiti

184 972 253 1025 sunt
270 947 423 1025 adrersus
450 960 567 1050 Papam
597 974 628 1026 et
658 961 865 1032 Pontificios..
898 940 972 1030 Jam
995 963 1124 1031 liberata
1144 990 1160 1029 a

184 1080 334 1160 vinculis,
369 1081 481 1170 quibus
507 1080 618 1171 perdiu
642 1088 761 1148 ret'enta
780 1084 902 1165 fuerat,
926 1085 1029 1174 rigere
1047 1086 1160 1152 iterum

182 1201 347 1268 laetissime
370 1201 403 1265 in
423 1199 548 1293 Europa
567 1203 669 1292 coepit
688 1205 796 1294 religio
816 1202 1002 1274 Christiana.
1040 1207 1162 1274 Exstitit

68 1351 73 1359 ‘
181 1346 286 1389 rerum
301 1324 477 1404 conversio,
496 1321 599 1409 indole
618 1325 670 1388 sui
691 1336 756 1389 tum
766 1325 927 1414 religiosa,
945 1339 1010 1392 tum
1020 1328 1144 1394 moralis
1152 1360 1165 1408 ,¹

179 1469 215 1511 ex
246 1447 305 1534 qual
331 1444 470 1510 Ecclesia
498 1444 660 1510 Pontificio
690 1445 796 1534 ingens
820 1448 905 1536 cepit
925 1446 1159 1538 detrimentum.

177 1565 247 1632 Non
274 1577 395 1630 tautum
419 1562 496 1629 haec
516 1566 770 1644 concutiebatur,
789 1565 842 1630 sed
862 1565 1044 1633 diruebatur
1067 1572 1160 1635 etiam

175 1708 320 1775 maguam
342 1699 478 1775 partem:
512 1696 544 1749 et
564 1687 652 1773 juxta
674 1684 834 1774 antiquam
853 1686 1023 1753 Ecclesiam
1044 1690 1159 1755 Roma-

172 1830 246 1874 nam
271 1808 437 1901 exsurrexit
465 1828 579 1872 norum
600 1795 794 1878 aedificium,
835 1805 1056 1876 Condebantu'r
1075 1811 1158 1877 enim

171 1931 257 1996 brevi
281 1943 421 2020 ternpore
446 1926 705 2010 Protestantium,
731 1927 786 2017 qui
806 1927 996 2012 audiebant,
1021 1932 1165 1998 societa-'

170 2063 236 2130 tes,
267 2051 370 2121 variae
403 2047 550 2137 quidem,
579 2046 632 2114 sed
653 2061 754 2114 tamen
779 2071 886 2115 omnes
912 2049 1014 2116 eidem
1036 2052 1156 2119 innixae

171 2169 395 2251 fundamento,
441 2167 575 2236 Christi
598 2190 711 2258 nempe
729 2167 942 2272 Euangelio:
966 2174 999 2237 in
1023 2175 1155 2262 quibus,

170 2292 269 2360 forma
285 2304 317 2357 et
334 2289 477 2370 ratione,
500 2302 650 2379 quantum
669 2311 726 2380 per
740 2293 917 2380 temporum
932 2290 1158 2385 hominumque

164 2402 379 2480 'diversitatem
397 2411 467 2479 fieri
486 2410 611 2501 potuit,
639 2410 846 2476 referentibus
866 2410 1036 2477 Ecclesiam
1059 2414 1158 2502 Apos-

171 2534 297 2601 tolicam
309 2580 320 2613 ,
349 2554 434 2598 sacra
463 2534 583 2632 summit
608 2547 678 2598 cum
700 2531 901 2622 simplicitate
918 2519 1156 2622 peragebantur.

217 2760 328 2850 Neque
348 2773 450 2826 tamen
470 2782 580 2852 magna
597 2759 711 2825 haecce
725 2779 830 2824 rerum
844 2758 878 2822 in
893 2756 968 2822 orbe
985 2756 1160 2825 Christiano

132 2928 136 2935 -
170 2882 372 2949 commutatio
398 2880 568 2972 derepente
591 2880 718 2948 exstitit.
761 2877 789 2944 Α
815 2875 1000 2964 Ιοηῧοίηάο
1018 2889 1158 2966 tempore
1184 2871 1188 2880 ’

170 3004 230 3070 fuit
258 3003 310 3069 illa
336 3014 541 3094 praeparata,
575 2999 658 3065 rarii
686 2997 807 3063 ratione
831 2994 985 3085 variisque
1000 2995 1156 3069 subsidiis.

170 3124 341 3193 Gravidum
370 3125 403 3188 eb
434 3124 527 3188 fuisse
557 3117 711 3186 saeculum
741 3111 823 3197 XV,
857 3114 935 3181 dixit
957 3117 1153 3204 Leibnitius:

167 3269 269 3336 neque
295 3268 367 3310 xero
398 3243 500 3309 minus
524 3253 615 3333 recte¹
632 3237 696 3304 dici
720 3237 837 3327 possit,
866 3237 983 3303 semina
1009 3243 1073 3329 ejus
1088 3244 1154 3330 jam

170 3367 346 3457 concepisse
374 3364 494 3431 saecula
521 3363 659 3451 proxime
697 3357 925 3428 antecedentia.
982 3360 1157 3430 Adfuerant

170 3490 344 3570 animante
365 3484 521 3564 saeculum
541 3480 600 3548 XV
625 3478 870 3547 Christianorum
893 3480 1031 3547 familiae
1049 3495 1081 3549 et
1095 3483 1154 3549 riri

169 3607 310 3691 nonnulli
331 3601 607 3696 praestantissimi,
623 3600 676 3690 qui
685 3580 705 3681 '.
717 3623 791 3693 prae
810 3603 862 3667 sut
871 3602 1023 3693 sapientes
1034 3617 1155 3684 aetate,

168 3743 200 3796 et
220 3727 372 3795 libertatis
390 3723 515 3790 moralis
533 3711 643 3789 ardore
661 3722 844 3812 flagrantes,
864 3725 1042 3807 Ecclesiae,
1062 3750 1156 3817 quam

115 3912 117 3918 .
168 3846 376 3915 Christianam
404 3867 469 3912 esse
493 3857 660 3935 negarent,
680 3845 912 3937 perversitatem
931 3847 1031 3914 libere
1047 3847 1154 3937 exagi-

166 3981 288 4050 tarent,
313 3969 416 4059 Papae
435 3979 466 4034 et
485 3966 605 4048 clericis
626 3967 847 4058 exprobrarent
863 3968 1067 4058 injustitiam,
1098 3967 1154 4034 do·
